1947 3145
180 108 241 148 42
782 109 1108 150 IVVENALIS

314 223 427 264 malo
450 221 739 275 †uenusinam
764 238 892 278 quam
918 229 971 273 te,
995 224 1204 274 Cornelia,
1229 229 1366 266 mater

316 298 612 348 Gracchorum,
636 300 672 339 si
696 313 793 339 oum
816 300 983 353 magnis
1007 299 1244 341 uirtutibus
1269 300 1404 341 adfers

313 373 473 428 grande
497 374 772 427 supercilium
796 378 838 414 et
862 388 1060 415 numeras
1084 374 1130 415 in
1155 375 1252 416 dote
1276 375 1529 428 triumphos.

181 457 242 489 170
312 448 415 489 10116
440 454 574 497 11111111,
598 462 754 502 precor,
779 449 1072 490 Hannibalern
1096 450 1344 504 uictumque
1370 450 1607 504 Syphacem

313 524 359 564 in
384 525 534 565 castris
558 529 601 564 et
626 538 723 564 cum
748 529 839 565 tota
864 524 1126 580 Carthagine
1150 527 1295 581 migra.

312 603 321 618 ‘
337 612 461 652 parce
485 612 639 652 precor,
664 600 816 647 Paean,
840 604 883 640 et
908 605 967 648 tu,
991 600 1079 649 dea,
1102 614 1212 654 pone
1237 601 1442 656 sagittas;

312 673 375 714 nil
400 674 519 727 pueri
544 674 720 723 faciunt,
744 675 881 728 ipsam
905 676 1104 730 configite
1128 681 1310 717 matrem
1327 676 1335 690 '

311 749 534 801 Amphion
558 748 739 800 claniat3
774 749 846 790 sed
870 751 1012 790 Paean
1036 751 1254 792 contrahit
1278 765 1433 791 arcum.

179 833 239 865 175
310 823 471 864 extulit
495 836 591 878 ergo
615 837 761 879 greges
786 829 986 865 natorum
1011 826 1235 879 ipsumque
1259 831 1479 879 parentem

313 898 416 939 dum
441 898 523 939 sibi
547 899 731 940 nobilior
755 900 943 941 Latonae
967 905 1092 955 gente
1116 900 1287 941 uidetur

311 980 440 1027 atque
464 973 609 1014 eadem
633 974 768 1014 scrofa
792 975 929 1015 Niobe
955 975 1176 1016 fecundior
1199 975 1306 1015 alba.

312 1062 416 1102 quae
441 1049 555 1090 tanti
580 1050 780 1103 grauitas,
804 1064 912 1104 quae
936 1050 1084 1098 forma,
1109 1055 1158 1091 ut
1182 1063 1224 1091 se
1249 1050 1332 1091 tibi
1357 1063 1520 1104 semper

311 1124 529 1177 imputet?
598 1124 726 1165 huius
750 1125 865 1165 enim
890 1125 976 1165 rari
1001 1126 1241 1179 summique
1266 1125 1464 1179 uoluptas

178 1209 239 1239 180
309 1198 428 1239 nulla
453 1199 565 1248 boni,
590 1200 789 1253 quotiens
813 1200 957 1241 animo
982 1206 1182 1254 corrupta
1210 1201 1391 1254 superbo

310 1275 408 1329 plus
433 1275 546 1316 aloes
570 1289 699 1329 quam
724 1276 864 1317 mellis
888 1277 1027 1317 habet.
1099 1277 1195 1330 quis
1219 1276 1388 1317 deditus
1411 1281 1557 1317 autem

311 1363 445 1404 usque
468 1350 571 1390 adeo
596 1356 671 1399 est,
696 1356 746 1392 ut
770 1365 857 1392 non
881 1352 1002 1392 illam
1027 1365 1155 1406 quam
1179 1351 1377 1392 laudibus
1401 1351 1523 1392 effert

310 1425 482 1466 horreat
507 1426 636 1479 inque
661 1426 776 1467 diem
801 1427 985 1480 septenis
1010 1427 1147 1468 oderit
1171 1427 1317 1468 horis?

376 1500 586 1554 quaedam
610 1515 741 1555 parua
765 1502 938 1555 quidem
963 1502 1035 1543 sed
1060 1516 1147 1542 non
1171 1502 1390 1543 toleranda
1414 1502 1591 1543 maritis.

176 1586 237 1616 185
308 1589 409 1616 116111
433 1576 538 1629 quid
560 1577 787 1626 rancidius,
813 1591 943 1630 quam
969 1577 1080 1630 quod
1104 1591 1146 1618 se
1170 1591 1255 1618 non
1278 1582 1405 1631 putat
1429 1577 1516 1617 ulla

309 1650 535 1691 formosam
559 1652 644 1692 nisi
669 1665 776 1705 quae
801 1651 853 1692 de
877 1652 1011 1692 Tusca
1037 1651 1241 1692 Graecula
1266 1652 1378 1693 facta
1403 1657 1480 1700 est,

307 1726 359 1766 de
385 1726 657 1768 Suhnonensi
681 1740 797 1767 mera
823 1727 1051 1781 Cecropis?
1120 1728 1263 1768 omnia
1289 1727 1472 1769 Graece:

311 1801 428 1855 [cum
453 1803 511 1843 sit
536 1807 662 1856 turpe
687 1803 825 1857 magis
848 1803 1006 1843 nostris
1030 1804 1190 1843 nescire
1214 1803 1396 1856 Latine]

308 1877 388 1917 hoc
412 1890 601 1918 sermone
625 1883 799 1931 pauent,
824 1879 903 1919 hoc
927 1878 1045 1926 iram,
1068 1878 1236 1933 gaudia,
1260 1892 1391 1927 curas,

174 1962 236 1992 190
306 1952 385 1992 hoc
410 1957 565 1993 cuncta
588 1953 818 1994 effundunt
843 1954 978 1993 animi
1002 1958 1186 2004 secreta3
1223 1953 1326 2007 quid
1353 1954 1500 1994 ultra?

306 2028 597 2069 concumbunt
622 2028 790 2069 Graece.
860 2028 991 2069 dones
1016 2034 1161 2069 tamen
1185 2028 1269 2069 ista
1292 2028 1475 2082 puellis:

307 2106 410 2143 tune
435 2103 577 2152 etiam,
602 2117 733 2158 quam
758 2110 903 2145 sextus
927 2109 971 2145 61
995 2104 1308 2159 octogensimus
1333 2118 1472 2145 annus

236 2210 298 2238 172
326 2207 394 2239 dea.
423 2217 512 2248 pone
543 2209 714 2248 Graeuius,
749 2209 883 2249 depone
915 2207 980 2241 ΡΨ
1011 2209 1081 2240 Mai
1111 2212 1198 2240 auct.
1234 2208 1327 2239 class.
1362 2217 1406 2239 111
1437 2219 1468 2250 p.
1501 2208 1540 2242 57
1644 2213 1708 2240 177

169 2259 317 2290 niobene
333 2260 359 2290 P
375 2259 475 2291 Arou.
569 2265 630 2292 183
648 2262 741 2292 diem
756 2262 852 2299 PAO,
874 2262 949 2293 dies
971 2260 1008 2292 Ψ
1097 2265 1160 2292 184
1181 2271 1244 2292 om.
1266 2260 1489 2302 Gaybacensis
1506 2262 1526 2291 2
1545 2260 1709 2302 probante

171 2308 380 2349 Heinrichio,
401 2311 460 2352 qui
485 2313 546 2343 185
567 2313 735 2353 numquid
758 2313 893 2354 scripsit
980 2317 1041 2344 188
1062 2323 1126 2344 om.
1148 2312 1372 2354 Gaybacensis
1397 2314 1425 2351 2,
1447 2311 1511 2344 del.
1532 2312 1703 2344 Barthius.

169 2360 213 2391 ad
238 2362 344 2401 mayis
369 2361 512 2393 editores
536 2362 651 2394 audire
679 2363 840 2395 uidentur
862 2374 964 2404 quam
987 2365 1108 2395 nescire
1133 2364 1259 2402 Graece,
1288 2374 1371 2405 quae
1397 2363 1498 2395 uerba
1524 2362 1613 2395 unde
1637 2363 1707 2405 peti

169 2412 301 2454 possint
327 2423 396 2444 non
421 2418 582 2456 apparet3
613 2418 688 2446 tum
716 2416 833 2447 ceteris
858 2416 1048 2447 tacentibus
1076 2426 1209 2447 uersum
1236 2416 1284 2447 sio
1311 2418 1445 2447 enarrat
1475 2414 1702 2453 Heinrichius,

169 2464 253 2495 alles
276 2465 363 2496 wird
389 2465 574 2497 Griechisch
596 2467 798 2506 rerlzawzclelt,
824 2468 869 2498 (Za
891 2478 922 2498 es
944 2467 1032 2505 doch,
1053 2468 1114 2498 wie
1138 2468 1246 2499 Cicero
1269 2470 1347 2507 εαφί,
1369 2467 1443 2498 cher
1465 2467 1535 2498 eine
1559 2466 1707 2498 Sokanda

169 2517 212 2546 ist
234 2517 356 2547 nescire
380 2517 511 2556 Latine,
541 2520 575 2549 et
602 2522 734 2559 poetam
757 2519 916 2561 respicere
940 2522 1040 2560 putat
1063 2518 1105 2550 ad
1129 2522 1249 2550 notum
1272 2518 1383 2550 locum
1408 2518 1475 2550 Cic.
1505 2518 1600 2549 Brut.
1630 2519 1702 2549 140.

169 2569 205 2598 at
228 2566 277 2598 ibi
296 2566 394 2609 longe
417 2567 509 2599 aliud
527 2568 639 2601 Cicero
663 2569 763 2608 dixit,
785 2571 891 2611 magis
909 2574 1005 2611 turpe
1022 2580 1090 2601 esse
1107 2570 1232 2601 nescire
1250 2569 1368 2601 Latine
1385 2579 1485 2611 quam
1501 2567 1706 2610 praeclarum

168 2618 275 2656 scire3
299 2617 339 2649 de
361 2619 485 2650 Graeco
510 2630 661 2651 sermone
684 2624 718 2652 et
743 2620 782 2652 (16
809 2621 879 2652 eius
895 2620 1073 2662 ignorandi
1094 2620 1307 2662 tiu-pitudine
1332 2631 1373 2652 ne
1395 2619 1535 2651 uerbum
1558 2618 1705 2661 quidem.

169 2668 251 2700 haec
273 2672 343 2701 tam
363 2669 473 2701 aliena
493 2672 663 2703 sententia
685 2672 852 2713 quomodo
875 2672 1029 2704 quenali
1051 2672 1207 2703 mulieres
1229 2672 1350 2703 Graece
1376 2671 1469 2712 loqui
1493 2670 1610 2702 solitas
1633 2671 1706 2702 irri-

168 2720 265 2753 denti
296 2722 464 2753 obuersari
499 2724 647 2764 potuerit
674 2734 742 2755 non
773 2724 954 2766 intellego:
994 2724 1110 2755 lectori
1142 2723 1339 2755 Graeculam
1373 2721 1414 2753 de
1444 2722 1551 2754 Tusca
1582 2723 1706 2754 factam

167 2773 363 2815 indignanti
384 2773 419 2805 in
442 2777 590 2806 mentem
612 2775 752 2812 uenisse,
770 2775 861 2817 quod
885 2775 976 2817 apud
998 2776 1188 2808 Ciceronem
1212 2775 1357 2816 legisset,
1379 2774 1498 2805 Latine
1519 2773 1602 2805 scire
1622 2774 1707 2805 ciuis

168 2825 312 2857 Romani
335 2825 508 2867 proprium
529 2835 606 2864 esse,
628 2836 695 2857 non
719 2826 915 2858 incredibile
932 2829 992 2864 est,
1015 2837 1156 2869 eumque
1176 2827 1282 2867 maqis
1302 2826 1353 2857 ita
1376 2825 1524 2867 posuisse
1540 2827 1580 2858 ut
1595 2825 1706 2857 audiri

168 2877 273 2910 uellet
288 2888 391 2920 quam
401 2879 618 2919 praeclarum
633 2879 714 2910 scire
733 2878 849 2910 Graece
