1947 3145
797 99 1028 140 SATVRA
1065 99 1108 139 X
1653 99 1676 139 9
1686 99 1710 139 9

317 217 524 273 sanguine
549 218 786 259 feruentem
811 217 976 259 tribuat
1001 221 1156 258 natura
1180 216 1367 270 benigna

317 293 436 348 larga
460 306 593 333 manu
617 292 740 346 (quid
764 293 880 333 enim
904 306 1033 346 puero
1057 291 1249 333 conferre
1272 294 1415 345 potest
1438 290 1536 344 plus

317 368 490 410 custode
514 371 556 409 et
581 382 680 408 cura
704 372 858 409 natura
882 368 1099 422 potentior
1124 367 1241 407 omni
1258 366 1291 419 2)

317 457 403 484 non
428 443 528 484 licet
552 456 639 484 esse
663 443 765 484 uiro.
836 457 937 483 nam
962 442 1139 497 prodiga
1163 440 1425 495 corruptoris

181 528 245 558 305
315 518 567 573 improbitas
591 518 703 572 ipsos
727 518 855 559 audet
880 523 1090 572 temptare
1115 522 1336 572 parentes:

318 597 442 634 tanta
465 594 512 633 in
536 593 786 634 muneribus
810 593 974 634 fiducia.
1045 592 1192 633 nullus
1215 591 1429 646 ephebum

317 668 548 709 deformem
573 682 698 709 saeua
722 669 928 709 castrauit
952 669 999 708 in
1023 682 1117 709 arce
1142 673 1366 722 tyrannus,

319 757 395 784 nec
417 748 738 797 praetextatum
762 744 905 797 rapuit
930 744 1046 784 Nero
1071 742 1304 797 loripedem
1329 755 1405 783 nec

319 823 579 860 strumosum
604 824 734 873 atque
758 823 880 859 utero
903 819 1066 873 pariter
1090 818 1302 873 gibboque
1327 822 1576 858 tumentem.

182 903 248 935 310
317 894 333 934 i
357 907 470 935 nunc
495 899 539 935 et
563 894 732 934 iuuenis
757 894 891 948 specie
916 894 1074 934 laetare
1098 894 1176 942 tui,
1200 907 1325 947 quem

318 970 480 1010 maiora
504 974 734 1024 expectant
758 970 1014 1011 discrimina.
1087 970 1160 1010 fiet
1184 969 1355 1009 adulter

317 1045 512 1099 publicus
536 1050 579 1086 et
603 1059 760 1100 poenas
784 1050 951 1086 metuet
975 1057 1262 1099 quascumque
1286 1043 1433 1084 mariti

318 1120 387 1161 lex
411 1121 498 1162 irae
522 1121 660 1169 debet,
684 1134 760 1161 nec
785 1121 868 1161 erit
893 1120 1057 1161 felicior
1082 1124 1196 1160 astro

318 1195 487 1245 Martis,
510 1200 560 1237 ut
585 1196 631 1236 in
656 1196 827 1250 laqueos
851 1210 1087 1249 numquam
1113 1195 1287 1235 incidat.
1358 1193 1496 1248 exigit
1520 1198 1665 1234 autem

181 1281 247 1312 315
316 1271 536 1312 interdum
560 1271 634 1311 ille
659 1271 777 1311 dolor
800 1270 897 1325 plus
922 1284 1050 1324 quam
1075 1271 1144 1311 lex
1169 1270 1259 1310 ulla
1283 1269 1418 1310 dolori

317 1346 548 1388 concessit:
584 1350 708 1386 necat
732 1346 803 1386 hic
827 1345 950 1394 ferro,
975 1350 1088 1386 secat
1114 1345 1187 1385 ille
1210 1344 1396 1386 cruentis

319 1421 579 1470 uerberibus,
604 1421 809 1475 quosdam
833 1421 1029 1462 moechos
1053 1426 1096 1462 et
1120 1420 1297 1475 mugilis
1322 1420 1468 1460 intrat.

320 1496 393 1537 sed
417 1500 519 1537 tuus
542 1496 788 1550 Endymion
813 1495 992 1537 dilectae
1018 1496 1091 1536 fiet
1115 1495 1285 1536 adulter

319 1575 547 1612 matronae.
618 1585 718 1612 mox
743 1584 840 1612 cum
866 1571 1031 1611 dederit
1056 1570 1240 1611 Seruilia
1265 1583 1464 1610 nummos

180 1656 248 1688 320
317 1647 392 1688 fiet
416 1650 460 1688 et
483 1646 603 1687 illius
627 1660 756 1700 quam
781 1659 867 1686 non
891 1650 1020 1695 amat,
1044 1649 1174 1686 exuet
1198 1658 1368 1686 omnem

318 1722 503 1776 corporis
528 1725 755 1772 ornatum3
791 1721 895 1775 quid
919 1721 1035 1761 enim
1061 1720 1151 1761 ulla
1175 1720 1400 1774 negauerit
1424 1719 1519 1762 udis

320 1797 585 1852 inguinibus,
610 1797 701 1837 siue
725 1800 790 1837 est
814 1797 917 1837 haec
943 1796 1082 1850 Oppia
1106 1796 1199 1836 siue
1224 1794 1424 1835 Catulla?

319 1871 502 1913 deterior
526 1876 640 1913 totos
663 1872 794 1912 habet
818 1871 906 1912 illic
930 1872 1087 1912 femina
1113 1884 1259 1911 mores.

319 1951 329 1967 ‘
345 1947 419 1988 sed
442 1951 557 1988 casto
583 1946 688 2001 quid
712 1947 848 1987 forma
873 1951 995 1987 nocet
1013 1946 1051 1987 ξ’
1121 1946 1225 1999 quid
1251 1944 1414 1999 profuit
1439 1945 1570 1985 immo

184 2032 246 2063 325
317 2022 559 2076 Hippolyto
583 2035 712 2076 graue
735 2022 1011 2076 propositum,
1036 2021 1140 2075 quid
1164 2020 1522 2074 Bellerophonti?

319 2095 523 2149 †erubuit
546 2110 697 2151 nempe
722 2097 826 2137 haec
850 2110 925 2137 ceu
950 2096 1143 2137 fastidita
1167 2095 1335 2149 repulso

320 2185 398 2212 nec
422 2172 688 2213 Stheneboea
712 2173 856 2212 minus
880 2185 1009 2225 quam
1037 2171 1184 2212 Cressa
1208 2169 1451 2219 excanduit,
1474 2174 1517 2211 et
1542 2183 1584 2211 se

250 2279 314 2306 304
333 2275 412 2307 uiro
437 2273 577 2306 Iahnius
598 2278 632 2306 et
655 2278 695 2307 ut
716 2274 851 2306 uidetur
875 2273 914 2313 Σ,
933 2276 1030 2306 uiros
1053 2275 1111 2306 PA
1131 2273 1267 2315 aliique,
1286 2273 1375 2304 uiris
1391 2271 1428 2303 Ψ
1516 2276 1579 2305 308
1599 2281 1664 2305 nee
1685 2272 1721 2304 in

183 2326 251 2357 fine
274 2327 372 2365 PGU,
392 2327 450 2358 uel
471 2325 509 2358 Ψ
597 2331 659 2359 310
683 2328 696 2359 i
718 2336 811 2359 nunc
834 2329 871 2359 et
892 2328 963 2365 GU,
983 2327 1131 2366 inunget
1153 2327 1214 2364 PS,
1234 2334 1326 2357 nunc
1350 2334 1433 2364 ergo
1456 2323 1494 2356 Ψ
1582 2325 1722 2357 iuuenis

180 2379 301 2418 speeie
324 2379 484 2417 PAGOU,
508 2380 624 2419 specie
647 2380 787 2411 iuuenis
810 2380 891 2411 FLT
994 2382 1056 2410 312
1081 2380 1218 2409 metuet
1242 2376 1290 2415 Ψ,
1309 2378 1440 2409 metuit
1463 2377 1490 2408 P
1578 2381 1640 2409 313
1665 2377 1722 2409 lex

183 2429 286 2463 irae*
300 2429 391 2469 (uide
415 2431 504 2470 315),
519 2432 614 2463 exire
638 2432 724 2462 irati
744 2432 784 2469 A,
809 2431 948 2470 exigere
970 2430 1057 2461 irati
1080 2428 1128 2468 Ψ,
1154 2430 1241 2461 irati
1263 2429 1319 2460 ΡΤ
1341 2427 1467 2469 aliique
1553 2429 1660 2461 debet
1682 2429 1718 2467 P,

185 2509 316 2540 debent
338 2507 386 2540 Ψ.
435 2510 518 2550 puto
545 2508 736 2550 antiquitus
759 2508 860 2540 fuisse
891 2481 986 2541 exrisse
1016 2485 1129 2540 debgt.
1183 2507 1318 2538 maritis
1338 2505 1462 2547 {iratis
1491 2506 1578 2538 debet
1609 2505 1721 2548 Rigal-

184 2560 264 2599 tius,
294 2560 353 2591 ira
378 2560 443 2591 sibi
468 2560 555 2591 debet
582 2559 784 2602 Maduigius,
814 2560 938 2600 eaeiyere
968 2559 1082 2590 iratist
1113 2558 1235 2589 Munro
1339 2561 1401 2589 322
1428 2559 1536 2598 oppia
1562 2559 1718 2596 PSAGU,

182 2613 287 2652 optia
306 2612 417 2644 PLO'I'
506 2615 568 2644 323
585 2610 649 2642 del.
664 2611 882 2643 Heinrichius
1014 2615 1076 2642 325
1088 2611 1346 2650 bellerophonti
1358 2608 1453 2647 ΣΡΘ,
1465 2610 1723 2649 bellerophonti

187 2664 340 2702 PALOT,
366 2662 407 2694 de
428 2663 460 2695 U
486 2662 575 2694 nihil
602 2664 777 2694 enotatum
804 2662 909 2694 habeo
1006 2667 1067 2694 326
1092 2671 1216 2702 nempe
1242 2663 1329 2693 haec
1353 2662 1513 2699 PAGTU,
1539 2663 1633 2693 certe
1658 2661 1722 2697 Lo,

183 2716 306 2746 certae
322 2716 348 2746 F
433 2716 576 2755 repulso
593 2716 644 2747 PS
661 2714 795 2756 aliique,
811 2715 956 2754 repulsa
972 2713 1009 2745 Ψ
1095 2714 1173 2744 haec
1191 2712 1468 2744 molestissimum
1484 2715 1534 2743 est
1548 2725 1555 2744 :
1580 2711 1724 2743 scriben-

187 2765 270 2797 dum
284 2765 422 2798 uidetur
439 2769 541 2807 coepto
557 2777 580 2798 c.
588 2767 622 2806 f.
649 2768 780 2806 repulso
799 2765 890 2805 (uide
910 2765 1009 2797 Ouid.
1029 2767 1109 2796 met.
1128 2774 1168 2796 ix
1185 2766 1256 2803 616,
1276 2766 1348 2802 619,
1375 2765 1451 2803 632)
1473 2763 1528 2795 uel
1549 2766 1635 2795 certa
1655 2773 1678 2795 c.
1687 2764 1721 2804 f.

186 2818 329 2858 repulsa,
357 2821 396 2850 ut
419 2817 500 2850 ordo
523 2818 570 2850 sit
592 2819 724 2850 erubuit
747 2818 941 2850 Stheneboea
963 2828 1019 2849 'nec
1041 2818 1156 2848 minus
1178 2817 1356 2848 eoecaozduit
1378 2826 1481 2857 quam
1501 2816 1636 2854 &essm
1660 2825 1726 2857 qua

187 2867 228 2900 de
244 2871 413 2902 structura
428 2869 507 2902 uide
522 2878 594 2902 VIII
613 2871 673 2901 229
691 2873 724 2902 et
741 2880 824 2912 quae
841 2868 883 2901 ad
900 2878 945 2901 111
963 2870 1024 2901 109
1041 2867 1204 2900 adnotata
1220 2870 1301 2900 sunt
