1947 3145
741 121 974 163 SATVRA
1010 120 1076 162 IV
1611 118 1635 157 2
1645 116 1669 161 7

163 249 205 281 80
275 239 536 293 temporibus
559 238 676 287 diris,
700 238 924 280 tractanda
947 238 1132 292 putabat
1156 236 1311 277 inermi

274 315 452 356 iustitia.
522 314 645 355 uenit
669 319 712 354 et
738 314 879 368 Crispi
904 313 1088 354 iucunda
1109 316 1312 360 senectus,

274 390 393 431 cuius
416 393 538 430 erant
561 402 695 429 mores
720 389 858 442 qualis
883 388 1093 437 facundia,
1116 388 1221 428 mite

274 464 508 519 ingenium.
578 464 712 504 maria
735 477 784 505 ac
810 468 941 505 terras
965 464 1225 518 populosque
1249 461 1414 517 regenti

275 540 373 594 quis
396 552 532 581 comes
557 539 718 588 utilior,
742 539 778 580 si
802 539 918 580 clade
943 544 985 580 et
1009 544 1126 593 peste
1151 539 1229 580 sub
1254 538 1330 578 illa

162 624 203 657 85
273 614 501 656 saeuitiam
524 614 724 654 damnare
748 618 792 655 et
815 615 1040 655 honestum
1064 614 1225 655 adferre
1250 613 1398 654 liceret

274 689 532 731 consilium?
602 689 674 730 sed
698 689 802 744 quid
827 689 1059 731 uiolentius
1082 703 1185 730 aure
1209 687 1398 743 tyranni,

273 778 370 806 011111
395 778 477 818 quo
501 764 551 805 de
575 764 739 818 pluuiis
763 770 841 805 aut
865 765 1054 806 aestibus
1078 769 1156 805 aut
1180 764 1372 804 nimboso

274 852 372 880 uere
396 839 585 880 locuturi
610 839 749 880 fatum
772 840 987 894 pendebat
1011 840 1169 880 amici?

273 914 346 955 ille
370 915 506 969 igitur
530 928 767 968 numquam
791 915 957 956 derexit
981 915 1178 956 bracchia
1201 919 1348 955 contra

162 999 203 1032 90
272 993 519 1037 torrentem,
543 1002 619 1030 nec
643 990 751 1030 ciuis
775 995 866 1030 erat
891 990 965 1044 qui
989 990 1123 1030 libera
1147 994 1287 1043 posset

273 1064 403 1105 uerba
426 1064 560 1105 animi
583 1064 772 1118 proferre
796 1070 839 1106 et
864 1065 1002 1105 uitam
1027 1064 1255 1118 inpendere
1280 1077 1390 1105 uero.

273 1140 334 1181 810
357 1140 519 1180 multas
542 1140 702 1180 hiemes
726 1145 855 1194 atque
880 1141 1165 1195 octogensima
1189 1140 1302 1181 uidit

273 1214 470 1263 solstitia,
493 1215 562 1256 his
586 1215 716 1255 armis
741 1215 817 1255 illa
842 1229 1009 1269 quoque
1035 1220 1158 1257 tutus
1182 1216 1228 1255 in
1253 1214 1361 1255 aula.

272 1289 493 1343 proximus
516 1289 706 1330 eiusdem
730 1290 985 1344 properabat
1007 1291 1176 1331 Acilius
1200 1290 1298 1331 aeui

160 1375 200 1406 95
270 1377 368 1405 cum
392 1364 548 1404 iuuene
572 1364 751 1419 indigno
777 1379 906 1420 quem
930 1378 1039 1406 mors
1063 1370 1153 1406 tam
1178 1379 1302 1406 saeua
1326 1368 1519 1405 maneret

269 1443 312 1480 et
336 1439 500 1480 domini
524 1439 679 1494 gladiis
704 1444 793 1481 tam
818 1440 1048 1491 festinata3
1085 1441 1157 1481 sed
1182 1441 1286 1481 olim

270 1514 464 1569 prodigio
488 1528 565 1568 par
587 1519 652 1555 est
676 1515 723 1554 in
747 1515 974 1556 nobilitate
999 1520 1203 1564 senectus,

272 1589 386 1630 unde
411 1589 462 1630 fit
487 1594 538 1631 ut
562 1590 712 1630 malim
736 1590 987 1631 fraterculus
1012 1604 1100 1632 esse
1123 1591 1312 1646 gigantis

270 1664 435 1718 profuit
459 1677 557 1719 ergo
581 1665 694 1705 nihil
719 1666 885 1714 misero,
910 1666 1021 1719 quod
1046 1666 1285 1707 comminus
1310 1678 1426 1707 ursos

138 1749 202 1782 100
272 1739 428 1795 figebat
452 1740 666 1781 Numidas
689 1740 860 1781 Albana
884 1741 1025 1782 nudus
1050 1742 1209 1782 harena

271 1819 457 1855 uenator.
528 1816 626 1869 quis
651 1816 766 1856 enim
792 1816 877 1856 iam
902 1830 988 1857 non
1012 1816 1237 1871 intellegat
1261 1820 1370 1857 artes

269 1890 504 1943 patricias?
574 1890 671 1945 quis
695 1891 882 1944 priscum
908 1891 1017 1932 illud
1041 1893 1222 1933 miratur
1246 1904 1435 1940 acumen,

273 1965 421 2013 Brute,
446 1967 604 2005 tuum?
674 1965 799 2007 facile
823 1971 888 2007 est
912 1966 1089 2007 barbato
1114 1968 1317 2021 inponere
1341 1966 1441 2022 regi.

271 2053 349 2081 1100
372 2040 521 2081 11101101·
546 2041 676 2081 uultu
701 2042 903 2095 quamuis
928 2042 1131 2097 ignobilis
1156 2043 1247 2083 ibat

137 2124 200 2157 105
271 2115 472 2164 Rubrius,
497 2115 675 2156 offensae
701 2118 858 2158 ueteris
882 2130 976 2158 reus
1001 2122 1132 2172 atque
1157 2117 1370 2167 tacendae,

273 2194 317 2230 et
341 2194 486 2230 tamen
510 2191 729 2244 inprobior
752 2197 944 2233 saturam
969 2193 1178 2234 scribente
1203 2192 1386 2234 cinaede.

273 2264 478 2305 Montani
502 2279 668 2319 quoque
693 2272 844 2308 uenter
869 2268 990 2309 adest
1013 2268 1239 2309 abdomine
1264 2268 1421 2317 tardus,

271 2343 315 2380 et
339 2340 555 2381 matutino
580 2341 736 2382 sudans
763 2342 986 2396 Crispinus
1011 2356 1176 2384 amomo

272 2419 484 2469 quantum
510 2415 585 2455 uix
610 2416 803 2458 redolent
828 2417 910 2458 duo
936 2418 1096 2468 funera,
1120 2419 1283 2460 saeuior
1306 2418 1381 2460 illo

135 2499 199 2532 110
268 2489 502 2543 Pompeius
528 2491 652 2532 tenui
676 2491 844 2547 iugulos
868 2493 1030 2546 aperire
1055 2507 1235 2544 susurro,

199 2639 241 2667 83
261 2636 381 2667 terras
405 2659 412 2668 .
441 2659 449 2666 .
479 2659 486 2667 .
513 2637 651 2676 regenti
668 2636 769 2669 Vind.
787 2637 834 2675 Ψ,
851 2640 950 2671 terra
974 2664 981 2672 .
1010 2664 1017 2672 .
1046 2665 1053 2672 .
1081 2643 1219 2681 gerenti
1236 2643 1262 2674 P
1349 2646 1391 2675 85
1414 2642 1553 2675 adferre
1576 2643 1667 2676 PFT,

133 2685 294 2719 adferret
305 2685 423 2727 Vind.‚
444 2688 537 2720 ferre
553 2686 591 2719 Ψ
679 2693 721 2721 92
738 2692 887 2723 -ensima
899 2691 1101 2734 (similiaque
1114 2694 1250 2735 passim)
1264 2704 1304 2725 ex
1316 2695 1354 2733 P,
1371 2696 1514 2727 -essima
1527 2693 1627 2726 Vind.
1644 2695 1672 2726 Τ

178 2740 221 2770 96
235 2739 313 2770 tam
327 2739 354 2770 P
369 2737 474 2771 Vind.
494 2740 534 2778 U,
555 2740 627 2771 iam
642 2738 680 2771 Ψ
767 2743 941 2774 festinata
958 2744 984 2775 P
1001 2743 1105 2777 Vind.
1125 2747 1159 2777 et
1174 2748 1213 2777 ut
1229 2745 1365 2778 uidetur
1381 2747 1416 2786 L,
1436 2746 1618 2778 destinata
1634 2743 1672 2775 Ψ

178 2792 220 2822 97
243 2790 282 2821 in
303 2789 408 2822 Vind.
436 2789 498 2831 Ψρ
529 2801 589 2822 1100
617 2791 760 2833 amplior
785 2794 821 2825 in
848 2795 874 2826 P
896 2805 1019 2835 rasura,
1047 2807 1122 2828 cum
1145 2797 1306 2830 Pithoeus
1394 2803 1434 2830 98
1465 2798 1623 2838 gigantis
1646 2797 1673 2829 P

133 2838 238 2873 Vind.
257 2839 305 2881 Ψ,
325 2842 514 2881 gigantum
537 2843 638 2876 Prisc.
660 2843 790 2877 G.L.K.
813 2854 841 2877 11
858 2856 890 2888 p.
908 2848 980 2887 101,
1001 2848 1083 2880 item
1106 2849 1347 2881 Einsiedlensis
1371 2851 1421 2887 34,
1440 2849 1537 2890 Sang.
1555 2848 1586 2881 D
1609 2849 1671 2880 236

136 2890 210 2932 871,
231 2891 336 2926 Burn.
357 2894 419 2924 192
435 2893 560 2936 aliique
648 2900 710 2928 101
726 2898 905 2938 intellegit
922 2898 1024 2932 Vind.
1045 2899 1171 2943 aliique
