1947 3145
258 104 280 143 1
290 103 313 143 Ο
325 103 349 142 2
856 101 1182 142 IVVENALIS

388 233 486 275 ergo
512 221 617 261 haut
642 220 812 260 difficile
836 224 900 260 est
924 219 1160 272 perituram
1186 231 1390 259 aroessere
1415 232 1626 260 summam

387 296 579 337 lancibus
603 296 808 349 oppositis
832 294 901 335 uel
925 293 1077 334 matris
1101 294 1286 348 imagine
1310 294 1456 342 fracta,

388 376 432 412 et
455 370 779 425 quadringentis
804 369 993 409 nummis
1017 369 1188 409 condire
1212 369 1409 424 gulosum

276 457 316 487 20
388 446 541 486 fietile:
577 445 637 486 sio
660 445 842 485 ueniunt
865 444 918 484 ad
942 443 1202 484 miscillanea
1226 443 1326 484 ludi.

389 521 517 561 refert
541 533 637 573 ergo
662 520 757 572 quis
781 519 883 559 haee
906 519 1050 559 eadem
1074 523 1190 572 paret
1210 533 1218 569 3
1254 520 1300 559 in
1323 519 1470 559 Rutilo
1495 532 1594 559 nam

388 595 561 635 luxuria
585 598 661 642 est,
685 595 731 634 in
757 594 962 635 Ventidio
987 593 1200 634 laudabile
1225 607 1379 635 nomen

387 674 582 723 sumptus
606 673 649 709 et
672 683 697 709 a
720 682 848 709 censu
872 668 1031 709 famam
1056 669 1200 710 trahit.
1270 669 1395 709 illum
1419 682 1494 723 ego
1519 669 1608 709 iure

388 745 630 798 despiciam,
655 744 730 797 qui
754 745 835 784 seit
860 748 1024 797 quanto
1049 743 1273 784 sublimior
1297 744 1453 784 Atlans

276 832 315 862 25
386 819 585 861 omnibus
609 819 655 859 in
681 819 816 873 Libya
841 819 899 859 sit
923 819 1157 867 montibus,
1180 819 1251 859 hio
1275 823 1419 859 tamen
1444 819 1556 860 idem

387 897 557 950 ignorat
581 898 792 948 quantum
819 894 973 934 ferrata
997 893 1131 934 distet
1155 894 1208 934 ab
1233 907 1329 934 area

386 969 589 1011 saeculus.
659 982 681 1009 e
705 969 818 1009 caelo
843 968 1062 1009 descendit
1086 969 1221 1022 «γνῶθι
1258 965 1443 1010 σεαυτόν

386 1043 601 1100 figendum
626 1048 669 1084 et
693 1044 868 1084 memori
892 1043 1166 1084 tractandum
1189 1048 1368 1096 pectore,
1392 1044 1482 1084 siue

384 1119 632 1173 coniugium
657 1132 832 1172 quaeras
856 1119 927 1159 uel
952 1119 1059 1159 sacri
1084 1118 1130 1158 in
1154 1122 1275 1172 parte
1299 1122 1474 1159 senatus

274 1206 314 1237 30
383 1208 473 1236 esse
498 1193 617 1243 uelis,
641 1207 777 1247 neque
802 1194 919 1234 enim
942 1193 1118 1234 loricam
1142 1193 1278 1247 poscit
1301 1193 1487 1234 Achillis

385 1269 611 1318 Thersites,
634 1269 680 1309 in
706 1283 791 1323 qua
815 1282 857 1309 se
882 1268 1132 1309 traducebat
1157 1268 1333 1319 Vlixes3

384 1345 617 1399 ancipitem
642 1357 716 1385 seu
742 1348 790 1385 tu
813 1357 966 1398 magno
991 1343 1237 1385 discrimine
1262 1357 1434 1384 oausam

384 1424 597 1475 protegere
621 1419 821 1468 adfectas,
845 1423 888 1460 te
911 1419 1095 1468 consule,
1119 1419 1187 1460 dio
1211 1419 1293 1460 tibi
1318 1419 1392 1472 qui
1417 1419 1487 1469 sis,

384 1499 525 1537 orator
549 1495 779 1536 uehemens
803 1508 858 1535 an
885 1494 1066 1535 Curtius
1090 1498 1133 1535 et
1158 1494 1311 1535 Matho
1336 1494 1499 1535 buccae.

273 1583 312 1613 35
382 1571 591 1612 noscenda
615 1574 679 1611 est
703 1583 902 1610 mensura
926 1570 994 1611 sui
1020 1569 1332 1623 spectandaque
1358 1570 1484 1611 rebus

384 1647 431 1687 in
455 1645 633 1686 summis
657 1645 943 1699 minimisque,
967 1645 1097 1686 etiam
1121 1658 1219 1685 oum
1243 1645 1372 1698 piscis
1396 1649 1571 1694 emetur,

385 1735 438 1763 ne
461 1720 646 1761 mullum
671 1720 818 1774 cupias
842 1734 942 1761 oum
966 1720 1025 1760 sit
1049 1719 1132 1760 tibi
1156 1719 1280 1773 gobio
1305 1723 1478 1761 tantum

386 1798 431 1837 in
456 1795 616 1837 loculis.
688 1796 785 1849 quis
808 1795 924 1835 enim
949 1799 991 1836 te
1016 1794 1238 1836 deficiente
1263 1795 1457 1836 crumina

383 1876 427 1914 et
450 1875 661 1912 crescente
684 1870 785 1925 gula
809 1874 956 1910 manet
980 1870 1135 1919 exitus,
1158 1883 1250 1910 aere
1275 1874 1452 1923 paterno

274 1959 313 1988 40
383 1961 430 1988 ao
454 1947 578 1988 rebus
603 1946 751 1987 mersis
776 1946 821 1986 in
847 1950 1042 1987 uentrem
1067 1945 1248 1986 faenoris
1271 1950 1400 2000 atque

316 2096 356 2123 23
373 2093 538 2132 sumptus
555 2090 783 2129 Heinrichius‚
801 2091 910 2122 sumit
925 2089 1025 2122 Psw.
1064 2089 1204 2121 uerbum
1220 2088 1427 2131 ineleganter
1438 2089 1590 2122 abundat
1603 2090 1791 2130 (laudabile

250 2153 368 2175 nomen
397 2144 501 2174 sumit
531 2146 558 2174 et
579 2144 717 2183 famam
748 2142 876 2181 trahit),
910 2141 1092 2183 requiritur
1123 2141 1311 2173 subiectum
1342 2142 1537 2174 sententiae.
1597 2141 1638 2173 de
1671 2141 1788 2174 ordine

250 2194 429 2226 uerborum
452 2194 530 2226 uide
555 2204 583 2225 11
609 2196 648 2226 63
673 2204 820 2233 censura,
842 2203 886 2225 111
905 2195 945 2225 40
961 2194 1120 2233 Fortuna,
1143 2195 1183 2225 94
1200 2194 1375 2232 comoedus,
1396 2203 1435 2225 vr
1461 2194 1521 2227 177
1538 2193 1651 2234 Niobe,
1671 2202 1728 2226 vn
1746 2196 1785 2226 21

251 2246 345 2277 ducis
367 2247 587 2286 indulyentia,
614 2248 655 2277 62
678 2246 844 2276 Horatius
867 2246 931 2276 ἀπὸ
956 2247 1059 2276 κοινοῦ
1081 2245 1199 2286 posita.
1259 2245 1422 2286 seriptum
1444 2245 1554 2277 fuerat
1573 2247 1726 2285 sumitus,
1748 2248 1787 2278 ut

253 2296 363 2329 Plaut.
386 2297 466 2329 trin.
493 2299 554 2329 116
576 2298 761 2329 corruitum
782 2307 841 2338 pro
865 2299 1066 2336 corruptum,
1088 2297 1197 2328 Gratt.
1222 2297 1262 2328 59
1280 2298 1474 2336 promiserit
1496 2307 1556 2338 pro
1573 2299 1783 2338 prompserit,

252 2348 381 2381 Colum.
404 2357 417 2380 1
443 2350 461 2380 4
486 2351 505 2380 4
527 2350 778 2389 promiserimus
801 2359 860 2390 pro
883 2349 1153 2388 prompserimus,
1179 2348 1265 2380 Stat.
1294 2348 1368 2380 silu.
1398 2357 1423 2380 v
1447 2351 1465 2380 5
1490 2350 1529 2380 34
1553 2351 1704 2381 incomite
1727 2359 1787 2391 pro

251 2401 431 2440 incompte3
462 2398 583 2431 deinde
606 2400 745 2431 accessit
772 2400 973 2431 emendandi
996 2402 1145 2438 conatus,
1172 2399 1456 2441 quemadmodum
1483 2401 1519 2432 in
1543 2400 1609 2432 Cic.
1638 2400 1678 2432 de
1702 2411 1747 2432 or.
1774 2410 1786 2433 1

252 2452 315 2483 234
340 2461 381 2483 ex
405 2452 608 2490 incomitam,
634 2451 698 2482 hoc
723 2454 773 2482 est
797 2452 1007 2491 incomptam,
1035 2451 1161 2483 factum
1187 2454 1237 2483 est
1262 2453 1491 2483 incomitatam
1587 2457 1628 2484 24
1652 2455 1789 2493 quanto

252 2504 352 2542 PAU,
383 2504 524 2543 quando
549 2504 586 2541 G,
614 2505 787 2543 quantum
818 2502 855 2533 Ψ
958 2507 998 2534 26
1024 2504 1166 2542 ignorat
1193 2504 1218 2535 L
1240 2503 1308 2534 flor.
1335 2503 1487 2535 Parisina
1509 2504 1642 2545 aliique,
1669 2514 1735 2535 non
1756 2515 1787 2536 se

251 2555 396 2595 aqnoscit
426 2553 464 2593 Σ,
495 2555 635 2594 ignoret
665 2553 764 2592 ΡΞΨ,
794 2553 871 2584 uide
902 2553 944 2585 ad
968 2563 1021 2585 vn
1055 2556 1115 2586 185
1218 2559 1259 2586 27
1282 2554 1384 2596 γνωθι
1414 2566 1560 2587 σ-εαυτον
1590 2556 1617 2587 Ρ
1646 2555 1781 2597 aliique,

250 2617 355 2648 γνωτι
378 2616 525 2637 σεαυτον
549 2604 587 2644 Τ,
618 2605 718 2637 κνωθι.
744 2616 890 2637 σεαυτον
914 2607 947 2643 L,
974 2606 1085 2647 peiora
1110 2605 1147 2637 Ψ
1236 2611 1276 2638 30
1298 2616 1411 2647 neque
1434 2608 1562 2646 PAGU,
1589 2616 1653 2639 nec
1676 2608 1788 2639 FLO'I’

338 2663 378 2691 31
402 2659 657 2690 transducebat
680 2659 763 2690 PSA
780 2658 833 2697 (de
849 2660 880 2690 U
896 2658 984 2689 nihil
1009 2661 1182 2690 enotatum
1199 2658 1330 2698 habeo),
1350 2659 1407 2690 sed
1426 2668 1454 2690 11
1475 2660 1545 2697 159,
1563 2667 1619 2691 v11
1642 2660 1691 2698 16,
1713 2668 1786 2691 vm

253 2710 292 2744 17
309 2710 445 2742 traduco
460 2708 644 2741 secundum
660 2709 955 2750 grammaticorum
973 2714 1148 2752 praecepta
1237 2715 1277 2742 34
1294 2713 1330 2742 et
1346 2712 1395 2743 PS
1414 2710 1498 2742 Brit.
1519 2711 1635 2750 30861,
1654 2720 1700 2743 an
1716 2710 1753 2742 Ψ

338 2766 379 2794 35
403 2762 459 2793 sui
481 2760 528 2799 Ψ,
545 2761 619 2792 suis
643 2761 677 2799 P,
698 2770 764 2792 sua
787 2762 824 2799 G,
846 2770 931 2793 suae
956 2763 987 2793 U
1075 2766 1114 2793 37
1131 2771 1174 2794 ne
1191 2763 1241 2794 Ps
1259 2762 1328 2793 flor.
1347 2762 1445 2803 Sang.
1462 2763 1560 2800 AFU,
1581 2771 1645 2794 ne*
1663 2763 1701 2800 G,
1721 2771 1786 2794 nec

251 2814 336 2846 LO'I'
435 2817 475 2845 38
500 2814 537 2845 te
562 2822 626 2844 om.
652 2813 709 2844 PA
811 2814 971 2845 crumina
994 2814 1078 2845 LOT
1102 2815 1136 2844 et
1160 2814 1265 2853 (rumi
1288 2813 1324 2844 in
1349 2813 1430 2852 ras.)
1453 2814 1490 2852 P,
1519 2822 1685 2846 crumena
1710 2812 1783 2852 ΣΑ,

250 2866 369 2898 culina
384 2865 472 2897 PGU
