1947 3145
220 113 281 154 34

219 390 280 421 135

218 765 279 796 140

215 1139 276 1170 145

212 1515 274 1546 150

214 1891 274 1922 155

217 2266 278 2296 160

217 2641 278 2671 165

819 110 1145 151 IVVENALIS

350 235 393 271 et
417 231 567 271 melior
592 231 692 270 fatis
717 230 894 270 donaret
917 229 1159 277 homuncio,
1184 233 1373 282 quantus

352 319 404 346 ex
429 305 578 353 nihilo,
603 309 789 359 quantus
814 304 931 343 fieres
955 303 1155 344 Virronis
1178 304 1363 344 amicus!

350 384 358 399 ‘
375 380 429 420 da
454 380 614 428 Trebio,
639 393 746 432 pone
770 378 823 418 ad
848 378 1060 419 Trebium.
1129 379 1206 427 uis,
1229 378 1373 427 frater,
1397 378 1450 418 ab
1474 377 1578 432 ipsis

350 455 478 496 ilibus
495 457 509 495 2
524 455 532 469 '
603 468 626 494 o
650 453 829 501 nummi,
853 453 974 493 uobis
999 454 1113 493 hunc
1136 458 1325 506 praestat
1352 453 1568 501 honorem,

351 544 426 571 uos
449 530 553 571 estis
577 529 718 569 frater.
788 528 986 569 dominus
1010 533 1154 569 tamen
1178 534 1221 569 et
1246 528 1409 569 domini
1433 541 1505 568 rex

350 606 386 646 si
411 606 476 645 uis
500 610 549 645 tu
573 604 676 652 fieri,
700 603 847 643 nullus
871 603 953 643 tibi
977 603 1179 656 paruolus
1201 603 1300 643 aula

350 680 499 721 luserit
526 679 693 719 Aeneas
717 691 793 718 nec
818 677 907 718 filia
932 677 1093 718 dulcior
1117 678 1204 719 illo.

347 754 583 796 iucundum
608 758 650 794 et
674 767 819 794 carum
845 753 1001 794 sterilis
1026 753 1129 794 facit
1153 767 1261 793 uxor
1285 753 1480 794 amicum.

349 829 420 870 sed
447 835 523 870 tua
548 842 661 869 nunc
685 828 855 882 Mycale
880 828 1021 882 pariat
1046 828 1145 868 licet
1169 833 1213 869 et
1236 841 1388 882 pueros
1413 833 1498 869 tres

348 904 395 944 in
419 904 629 959 gremium
654 904 791 958 patris
815 903 970 943 fundat
995 903 1136 951 semel,
1161 903 1250 956 ipse
1274 903 1441 957 loquaci

348 979 553 1034 gaudebit
577 979 691 1028 nido,
716 978 899 1019 uiridem
924 978 1095 1019 thoraca
1119 978 1286 1019 iubebit

346 1054 506 1094 adferri
529 1054 815 1107 minimasque
840 1067 967 1094 nuces
991 1067 1210 1107 assemque
1233 1060 1443 1108 rogatum,

345 1128 399 1169 ad
423 1142 614 1170 mensam
640 1129 837 1183 quotiens
860 1129 1075 1182 parasitus
1099 1128 1266 1169 uenerit
1290 1129 1443 1170 infans.

412 1204 572 1245 uilibus
596 1204 808 1258 ancipites
831 1203 955 1258 fungi
977 1208 1193 1257 ponentur
1218 1204 1377 1252 amicis,

346 1279 513 1320 boletus
538 1279 722 1328 domino,
746 1279 818 1320 sed
844 1279 990 1333 quales
1015 1278 1219 1319 Claudius
1244 1279 1334 1320 edit

345 1358 445 1395 ante
469 1354 596 1395 illum
621 1354 778 1403 uxoris,
803 1359 899 1408 post
923 1368 1049 1408 quem
1075 1354 1187 1394 nihil
1212 1354 1396 1408 amplius
1421 1354 1520 1395 edit.

347 1429 475 1470 Virro
500 1430 583 1471 sibi
609 1435 652 1470 et
676 1429 854 1483 reliquis
879 1430 1137 1470 Virronibus
1163 1429 1239 1469 illa
1262 1430 1427 1471 iubebit

343 1519 470 1559 poma
494 1505 599 1554 dari,
624 1519 804 1559 quorum
829 1504 916 1546 solo
940 1505 1125 1558 pascaris
1150 1505 1286 1554 odore,

346 1580 490 1634 qualia
514 1585 745 1634 perpetuus
770 1579 1010 1620 Phaeacum
1034 1585 1267 1620 autumnus
1292 1580 1488 1629 habebat,

345 1654 513 1696 credere
538 1668 645 1708 quae
669 1655 803 1709 possis
828 1655 1029 1709 subrepta
1056 1655 1270 1695 sororibus
1293 1655 1439 1696 Afris:

347 1735 399 1771 tu
423 1730 560 1771 scabie
586 1730 737 1770 frueris
762 1730 878 1778 mali,
904 1729 1017 1784 quod
1040 1730 1086 1769 in
1110 1743 1263 1784 aggere
1286 1730 1398 1771 rodit

346 1805 421 1860 qui
446 1805 609 1860 tegitur
632 1819 780 1859 parma
805 1811 848 1846 et
873 1805 992 1859 galea
1017 1810 1294 1858 metuensque
1318 1805 1478 1860 flagelli

345 1881 471 1922 discit
496 1881 549 1921 ab
574 1881 745 1921 hirsuta
769 1880 957 1921 iaculum
982 1885 1179 1934 torquere
1204 1880 1375 1934 capella..

414 1955 595 1996 forsitan
620 1955 825 2008 inpensae
851 1955 1079 1994 Virronem
1103 1967 1274 2008 parcere
1298 1954 1450 1996 credas.

348 2030 426 2071 hoc
449 2030 552 2085 agit,
577 2035 627 2071 ut
653 2030 818 2080 doleas3
855 2043 956 2070 nam
980 2042 1086 2083 quae
1111 2029 1337 2078 comoedia,
1361 2029 1520 2071 mimus

349 2105 446 2159 quis
470 2104 618 2146 melior
640 2105 838 2158 plorante
864 2104 995 2159 gula?
1064 2118 1160 2159 ergo
1185 2105 1329 2144 omnia
1354 2105 1479 2154 fiunt,

348 2181 384 2221 si
408 2181 555 2229 nescis,
580 2184 629 2220 ut
653 2194 727 2234 per
752 2180 950 2220 lacrimas
975 2180 1187 2220 effundere
1212 2180 1341 2220 bilem

347 2256 508 2310 cogaris
532 2269 758 2309 pressoque
784 2255 858 2295 diu
882 2255 1060 2295 stridere
1084 2255 1243 2295 molari.

349 2335 397 2371 tu
424 2330 505 2371 tibi
529 2330 637 2370 liber
662 2330 789 2371 homo
814 2335 857 2370 et
882 2330 993 2384 regis
1017 2331 1200 2370 conuiua
1225 2330 1406 2371 uideris:

349 2411 523 2458 captum
550 2410 591 2445 te
616 2405 765 2445 nidore
790 2418 889 2445 suae
913 2410 1042 2458 putat
1066 2405 1140 2445 ille
1165 2405 1346 2454 culinae,

349 2493 425 2520 nec
450 2479 560 2520 male
585 2480 823 2530 coniectat3
859 2480 955 2533 quis
979 2480 1093 2520 enim
1118 2485 1207 2520 tam
1232 2480 1383 2529 nudus,
1406 2485 1456 2521 ut
1479 2481 1605 2521 illum

349 2554 415 2595 bis
440 2554 560 2602 ferat,
585 2554 814 2595 Etruscum
837 2568 968 2608 puero
994 2555 1030 2595 si
1055 2555 1240 2610 contigit
1264 2569 1418 2596 aurum

349 2629 419 2670 uel
444 2629 579 2669 nodus
604 2634 777 2670 tantum
802 2634 845 2670 et
870 2630 1042 2684 signum
1067 2630 1117 2670 de
1141 2644 1322 2684 paupere
1347 2631 1468 2671 loro?

280 2771 341 2800 137
371 2768 484 2798 frater
515 2766 617 2798 PariS.
654 2767 735 2797 8291
761 2766 847 2798 sicut
878 2767 1061 2799 coniecerat
1092 2767 1323 2806 Marklandus,
1354 2769 1485 2800 fratres
1516 2767 1582 2801 ΡΨ

214 2820 353 2860 paruol-
371 2829 410 2850 ex
426 2819 452 2850 P
541 2822 601 2849 140
619 2817 682 2849 del.
702 2817 842 2849 Iahnius
930 2823 991 2850 141
1007 2821 1145 2859 mygale
1161 2821 1221 2858 PS,
1244 2821 1372 2860 migale
1387 2818 1417 2851 Σ
1504 2824 1566 2853 142
1583 2822 1691 2854 semel
1706 2823 1744 2861 P,

215 2873 320 2903 simul
336 2869 373 2902 Ψ

1684 2774 1747 2802 138
