1947 3145
234 105 292 145 88
644 102 975 144 IVVENALIS
1013 100 1247 142 SATVRA
1283 101 1351 141 IX

365 221 440 276 qui
463 221 600 277 digito
624 221 824 275 scalpunt
849 232 934 259 uno
958 223 1099 272 caput.
1170 218 1304 259 altera
1328 217 1464 258 maior

364 310 459 351 Spes
483 300 698 351 superest:
735 296 890 343 turbae,
908 298 1108 347 properat
1133 307 1238 346 quae
1257 307 1438 341 crescere,
1461 291 1579 332 molli

233 383 321 415 134Α
366 376 515 428 gratus
539 372 633 419 eris,
657 375 706 411 tu
730 374 901 410 tantum
926 368 1061 409 erucis
1084 369 1270 422 inprime
1294 368 1476 408 dentem.

234 458 295 490 135
433 452 442 467 ‘
457 447 559 487 haec
582 445 776 498 exempla
800 457 904 497 para
929 443 1150 494 felicibus3
1186 447 1233 483 at
1257 456 1350 483 mea
1375 442 1531 483 Clotho

365 526 409 563 et
435 520 630 562 Lachesis
654 519 852 573 gaudent,
876 519 912 559 si
935 519 1126 572 pascitur
1151 518 1330 573 inguine
1355 521 1514 558 uenter.

366 611 389 637 0
413 596 540 650 parui
563 594 783 647 nostrique
810 594 949 642 Lares,
975 607 1078 647 quos
1104 597 1198 634 ture
1223 593 1392 633 minuto

366 675 442 712 aut
466 670 574 710 farre
599 673 642 710 et
667 668 787 709 tenui
811 669 920 709 soleo
947 682 1117 709 exorare
1141 681 1305 716 corona,

366 744 534 799 quando
558 757 634 798 ego
659 744 785 798 figam
810 743 986 797 aliquid,
1010 757 1093 796 quo
1119 743 1176 783 sit
1201 742 1309 782 mihi
1334 746 1430 782 tuta
1455 744 1648 782 senectus

234 831 295 861 140
363 834 388 860 a
413 824 552 874 tegete
577 824 620 860 et
643 819 825 859 baculo?
893 818 1054 872 uiginti
1078 817 1199 857 milia
1223 817 1371 857 faenus

365 894 611 949 pigneribus
634 893 797 947 positis,
821 892 990 947 argenti
1014 892 1188 932 uascula
1212 892 1322 945 puri,

367 969 440 1011 sed
463 981 572 1023 quae
597 968 819 1008 Fabricius
842 981 988 1008 censor
1012 972 1146 1015 notet,
1170 972 1212 1007 et
1238 967 1319 1007 duo
1344 966 1473 1007 fortes

366 1045 416 1085 de
440 1057 566 1099 grege
590 1042 843 1091 Moesorum,
868 1043 942 1096 qui
966 1055 1032 1082 me
1057 1042 1218 1083 ceruice
1242 1041 1379 1082 locata

367 1133 561 1161 securum
585 1119 764 1159 iubeant
789 1118 970 1158 clamoso
994 1117 1189 1158 insistere
1213 1117 1346 1167 circo3

235 1206 296 1239 145
366 1195 421 1236 sit
445 1194 554 1235 mihi
577 1198 796 1248 praeterea
819 1207 975 1233 curuus
999 1193 1193 1241 caelator,
1218 1196 1261 1233 et
1284 1192 1395 1233 alter

367 1270 440 1324 qui
465 1269 625 1310 multas
649 1268 776 1308 facies
800 1268 943 1322 pingit
966 1268 1078 1318 cit03
1114 1267 1333 1307 sufficiunt
1357 1266 1468 1306 haec.

368 1344 539 1398 quando
563 1357 639 1398 ego
663 1357 824 1398 pauper
848 1345 950 1384 ero?
1019 1347 1170 1383 uotum
1194 1341 1446 1388 miserabile,
1470 1354 1547 1382 nec
1571 1353 1665 1394 spes

369 1420 437 1460 his
461 1419 640 1470 saltem3
676 1432 777 1459 nam
800 1432 897 1459 cum
922 1431 997 1472 pro
1022 1430 1089 1457 me
1114 1418 1308 1458 Fortuna
1332 1420 1511 1457 uocatur

368 1495 523 1536 adfixit
546 1508 663 1535 ceras
687 1494 763 1534 iila
787 1494 838 1534 de
861 1507 970 1534 naue
994 1493 1152 1547 petitas

238 1581 300 1614 150
369 1584 477 1624 quae
503 1570 666 1611 Siculos
689 1574 841 1610 cantus
865 1569 1027 1623 ecfugit
1050 1568 1209 1623 remige
1234 1568 1372 1608 surdo.

300 1670 362 1698 133
384 1664 425 1697 de
447 1666 555 1696 altera
578 1667 703 1696 ‘maiore
725 1675 778 1705 spe
800 1664 878 1696 uide
903 1665 964 1696 125
989 1675 1036 1706 sq.
1055 1667 1128 1704 post
1151 1674 1219 1704 spes
1241 1664 1404 1704 deceptas:
1437 1666 1618 1705 supersunt
1641 1662 1771 1705 pathici

235 1717 346 1759 plures
369 1719 403 1749 et
425 1716 538 1748 minus
561 1716 655 1748 anari
744 1720 806 1748 134
827 1718 954 1748 turbae
979 1739 986 1747 .
1015 1740 1022 1748 .
1051 1740 1058 1748 .
1085 1715 1217 1754 molli,⁹⁶
1244 1717 1287 1746 tu
1311 1717 1454 1747 tantum
1481 1716 1596 1747 erucis
1619 1715 1772 1756 inprime

234 1770 378 1801 dentem
398 1766 463 1800 ΡΨ
485 1778 525 1799 ex
553 1778 651 1799 uersu
673 1767 875 1809 insequenti,
900 1768 1021 1799 multos
1041 1767 1184 1798 inberbes
1207 1767 1302 1798 habes
1321 1767 1382 1798 tibi
1403 1770 1568 1798 crescentes
1586 1765 1615 1798 Σ
1638 1768 1772 1798 senten-

236 1821 320 1852 tiam
343 1830 411 1851 non
436 1822 605 1851 assecutus
694 1824 791 1851 134A
814 1819 942 1850 habent
965 1820 1032 1857 PA,
1052 1828 1116 1850 om.
1137 1816 1175 1849 Ψ
1262 1819 1377 1850 erucis
1395 1819 1437 1857 A,
1456 1819 1570 1851 faucis
1594 1819 1620 1850 P
1709 1821 1772 1850 136

234 1872 394 1911 gaudent
417 1869 466 1910 Ψ,
484 1872 620 1911 gaude*
637 1871 672 1909 P,
689 1871 822 1911 gaudet
838 1880 861 1911 p
951 1875 1011 1902 139
1029 1871 1112 1902 fiam
1128 1870 1265 1910 aliquid
1288 1871 1381 1910 quod
1399 1871 1426 1902 P
1514 1874 1576 1902 143
1592 1878 1773 1910 mysorum

237 1924 263 1954 P
351 1924 510 1954 locatam
527 1923 562 1962 P,
584 1923 728 1954 locatum
745 1921 964 1953 Heinrichius
1033 1926 1094 1953 146
1111 1923 1227 1961 pingit
1243 1923 1277 1959 P,
1297 1922 1423 1961 pingat
1439 1919 1477 1952 Ψ
1544 1926 1606 1953 148
1623 1923 1775 1954 uocatur

236 1975 303 2013 PA,
323 1976 472 2014 rogatur
487 1973 546 2005 Ψε
570 1973 658 2005 nihil
674 1974 817 2005 interest
905 1977 967 2005 149
991 1974 1118 2005 adfixit
1141 1974 1208 2012 PA,
1228 1973 1355 2012 adfigit
1371 1972 1408 2005 Ψ
1497 1976 1559 2006 150
1578 1973 1704 2013 effugit
1720 1971 1767 2012 Ψ,

238 2027 275 2057 et.
290 2026 384 2066 fugit
399 2026 434 2066 P,
455 2026 569 2066 efugit
585 2027 626 2065 A,
646 2027 713 2058 ecf-
731 2024 936 2057 Ribbeckius
