1947 3145
181 527 246 560 295

184 903 248 935 300

186 1278 249 1310 305

186 1656 250 1688 310

186 2032 250 2065 315

187 2409 251 2441 320

774 95 1010 138 SATVRA
1046 95 1122 136 ΙΙΙ
1653 92 1677 132 2
1686 92 1710 133 3

315 230 417 258 nam
441 215 545 271 quid
569 229 668 270 agas
692 228 789 255 cum
814 221 856 255 te
882 214 1065 254 furiosus
1090 218 1213 268 cogat
1238 217 1281 253 et
1305 211 1417 252 idem

315 291 497 333 fortior?
564 289 713 330 “unde
738 289 858 330 uenis
875 291 889 329 2
906 289 926 304 ''
963 289 1183 336 exclamat,
1207 292 1228 307 “
1243 287 1365 328 cuius
1389 290 1518 333 aceto,

315 367 436 408 cuius
459 365 615 407 conche
639 366 814 405 tumes?
883 364 979 418 quis
1003 368 1144 404 tecum
1168 361 1313 403 sectile
1336 373 1512 414 porrum

316 446 435 483 sutor
456 445 501 482 et
524 440 628 481 elixi
653 439 845 480 ueruecis
870 439 989 480 labra
1013 438 1228 480 comedit?

314 517 379 558 nil
403 516 512 557 mihi
536 516 796 569 respondes?
865 520 940 555 aut
965 514 1033 556 dic
1056 518 1132 554 aut
1156 514 1296 567 accipe
1320 511 1488 553 calcem.

317 591 393 634 ede
417 591 492 632 ubi
515 591 747 632 consistas:
783 590 829 630 in
853 604 936 644 qua
962 595 1003 630 te
1029 602 1185 643 quaero
1209 587 1443 642 proseucha
1460 587 1474 626 2
1491 585 1511 599 ''

319 667 456 708 dicere
480 666 517 707 si
541 670 724 720 temptes
749 664 914 719 aliquid
938 665 1151 705 tacitusue
1176 663 1354 712 recedas,

319 741 590 784 tantumdem
614 745 702 782 est:
737 740 897 781 feriunt
921 740 1093 794 pariter,
1118 738 1361 779 uadimonia
1386 735 1534 778 deinde

318 817 422 858 irati
446 817 621 858 faciunt.
693 816 869 857 libertas
894 815 1092 869 pauperis
1116 815 1219 854 haec
1242 818 1332 854 est:

316 892 513 947 pulsatus
537 896 658 946 rogat
682 896 725 932 et
748 891 905 946 pugnis
929 890 1119 931 concisus
1143 889 1290 929 adorat

321 972 371 1008 ut
395 967 522 1009 liceat
546 967 694 1021 paucis
717 980 814 1007 cum
839 965 1041 1007 dentibus
1064 964 1162 1005 inde
1185 963 1348 1004 reuerti.

320 1056 397 1084 nec
421 1047 566 1083 tamen
591 1042 693 1082 haec
716 1046 888 1082 tantum
912 1045 1088 1081 metuas.
1159 1052 1259 1079 nam
1284 1037 1359 1092 qui
1383 1035 1538 1090 spoliet
1564 1041 1605 1076 te

321 1132 408 1159 non
431 1117 542 1158 derit
566 1116 721 1158 clausis
747 1116 945 1156 domibus
970 1120 1197 1169 postquam
1221 1113 1360 1155 omnis
1384 1112 1544 1166 ubique

322 1194 408 1234 fixa
431 1197 652 1233 catenatae
677 1192 799 1232 siluit
824 1204 1027 1244 compago
1053 1190 1264 1230 tabernae.

319 1267 538 1309 interdum
562 1273 605 1308 et
630 1266 741 1308 ferro
767 1267 933 1307 subitus
958 1270 1170 1320 grassator
1195 1264 1286 1318 agit
1310 1276 1424 1304 rem:

321 1348 486 1385 armato
510 1343 710 1397 quotiens
734 1346 855 1383 tutae
879 1341 1053 1382 custode
1078 1344 1282 1381 tenentur

320 1423 365 1460 et
389 1418 623 1472 Pomptina
647 1417 769 1472 palus
787 1421 831 1458 et
857 1416 1094 1458 Gallinaria
1118 1415 1260 1469 pinus,

322 1494 382 1536 sic
406 1494 504 1535 inde
528 1494 612 1534 huc
637 1506 794 1542 omnes,
819 1497 1042 1546 tamquam
1066 1491 1119 1532 ad
1143 1490 1323 1538 uiuaria,
1347 1492 1537 1529 currunt.

322 1583 406 1625 qua
430 1570 599 1610 fornace
623 1582 786 1624 graues,
812 1581 896 1622 qua
921 1581 1006 1608 non
1031 1566 1183 1608 incude
1207 1566 1411 1606 catenae?

319 1645 534 1686 maximus
559 1644 606 1684 in
631 1644 788 1684 uinclis
813 1643 914 1683 ferri
938 1642 1100 1690 modus,
1126 1646 1176 1682 ut
1200 1641 1353 1682 timeas
1378 1653 1430 1679 ne

320 1734 469 1762 uomer
494 1720 677 1768 deficiat,
702 1733 755 1760 ne
774 1732 939 1759 marrae
964 1723 1008 1759 et
1034 1716 1199 1758 sarcula
1224 1715 1376 1756 desint.

322 1796 465 1838 felices
489 1808 749 1849 proauorum
773 1798 936 1842 atauos,
961 1793 1104 1834 felicia
1128 1792 1244 1833 dicas

320 1871 487 1913 saecula
511 1884 617 1925 quae
642 1870 858 1924 quondam
884 1869 964 1910 sub
987 1869 1158 1923 regibus
1183 1872 1310 1921 atque
1337 1865 1524 1907 tribunis

322 1947 523 1987 uiderunt
548 1959 634 1986 uno
658 1950 904 1986 contentam
928 1957 1091 1984 carcere
1116 1943 1308 1983 Romam.

386 2022 454 2063 his
478 2021 584 2062 alias
610 2026 804 2075 poteram
828 2025 870 2061 et
896 2020 1032 2073 pluris
1057 2019 1303 2059 subnectere
1327 2029 1483 2057 causas.

322 2097 395 2138 sed
418 2097 610 2138 iumenta
634 2101 791 2136 uocant
816 2100 858 2136 et
883 2095 946 2136 sol
971 2095 1168 2142 inclinat,
1192 2092 1380 2134 eundum
1404 2095 1495 2140 est3

322 2186 423 2213 nam
446 2172 553 2213 mihi
577 2175 788 2212 commota
812 2170 1054 2210 iandudum
1078 2169 1211 2209 mulio
1236 2167 1360 2222 uirga

321 2247 486 2289 adnuit.
558 2261 656 2301 ergo
682 2247 777 2288 uale
802 2246 939 2287 nostri
963 2258 1136 2293 memor,
1161 2249 1205 2285 et
1230 2243 1427 2297 quotiens
1453 2246 1494 2283 te

322 2324 458 2365 Roma
482 2328 557 2364 tuo
582 2323 697 2363 refici
721 2326 1022 2376 properantem
1046 2320 1192 2361 reddet
1218 2319 1395 2373 Aquino

319 2412 387 2439 me
412 2412 580 2453 quoque
604 2398 658 2438 ad
683 2397 919 2438 Heluinam
946 2396 1138 2437 Cererem
1162 2400 1432 2447 uestramque
1456 2391 1646 2432 Dianam

321 2477 525 2515 conuerte
549 2486 573 2513 a
599 2472 755 2513 Cumis.
825 2476 1068 2512 saturarum
1092 2483 1180 2524 ego,
1204 2469 1251 2509 ni
1275 2468 1410 2522 pudet
1434 2466 1546 2515 illas,

321 2548 493 2590 auditor
517 2547 678 2603 gelidos
701 2547 872 2587 ueniam
895 2546 1105 2601 caligatus
1129 2546 1175 2585 in
1199 2543 1343 2600 agros.’

253 2650 315 2679 293
337 2646 466 2678 conche
490 2643 572 2677 ΡΒΣ
596 2642 697 2674 Vind.
723 2644 763 2682 U,
795 2644 926 2675 concha.
948 2641 986 2673 Ψ
1076 2645 1138 2674 295
1166 2644 1243 2683 post
1270 2644 1332 2672 296
1360 2639 1474 2681 posuit
1502 2638 1681 2679 Pinzgerus

187 2701 250 2730 31⁷
267 2697 390 2739 incipit
406 2698 431 2729 F
517 2696 615 2728 iand-
633 2695 709 2726 exP
798 2699 859 2726 318
879 2694 1006 2725 adnuit
1022 2694 1048 2725 P
1064 2691 1179 2731 Vind.,
1200 2693 1328 2724 annuit
1345 2689 1394 2730 Ψ,
1413 2690 1532 2722 innuit
1554 2690 1576 2721 S
1600 2687 1725 2729 aliique

275 2753 338 2781 320
354 2751 582 2788 uestramque
599 2746 700 2778 Vind.
718 2745 765 2783 Ψ,
784 2747 1015 2785 ÷÷÷÷÷tamque
1031 2745 1067 2783 P,
1087 2746 1295 2784 uestamque
1312 2752 1336 2783 p
1425 2746 1486 2774 321
1503 2741 1669 2773 conuerte
1685 2739 1721 2777 P,

188 2802 344 2834 conaelle
360 2799 464 2832 Vind.
485 2798 522 2831 Ψ
539 2802 573 2831 et
589 2808 689 2840 supra
707 2797 869 2839 seriptum
885 2797 911 2828 P
1000 2800 1062 2828 322
1079 2797 1223 2828 auditor
1238 2796 1264 2827 P
1280 2793 1383 2826 Vind.
1405 2795 1439 2832 F,
1460 2793 1604 2825 adiutor
1618 2789 1656 2822 Ψ
