1947 3145
149 390 187 420 55

148 764 188 795 60

146 1140 186 1170 65

146 1514 186 1547 70

146 2266 187 2297 80

720 110 950 151 SATVRA
992 110 1066 151 ΙΙΙ
1599 111 1620 150 1
1631 110 1654 150 5

260 242 381 269 carus
404 228 488 268 erit
512 228 634 268 Verri
660 228 734 281 qui
760 228 934 269 Verrem
961 233 1149 282 tempore
1174 242 1256 282 quo
1282 227 1377 268 uult

259 317 458 344 accusare
482 308 632 357 potest.
705 304 817 344 tanti
845 304 925 344 tibi
950 318 1035 344 non
1062 304 1120 345 sit
1145 304 1265 358 opaci

258 379 396 420 omnis
420 379 580 419 harcna
606 379 710 433 Tagi
738 379 933 432 quodque
958 380 1003 419 in
1030 393 1145 419 mare
1171 378 1368 419 uoluitur
1393 391 1558 426 aurum,

260 459 310 495 ut
334 467 480 494 somno
503 467 644 494 careas
668 453 946 508 ponendaque
970 454 1159 508 praemia
1183 466 1323 494 sumas

259 529 398 570 tristis
421 533 464 569 et
487 542 512 568 a
535 542 690 582 magno
716 542 879 582 semper
905 529 1097 570 timearis
1121 529 1266 570 amico.

326 617 434 658 quae
458 617 572 644 nunc
596 604 807 644 diuitibus
831 618 934 658 gens
958 604 1252 658 acceptissima
1277 604 1446 652 nostris,

258 685 301 721 et
327 693 431 733 quos
455 679 676 732 praecipue
701 679 874 733 fugiam,
899 680 1132 733 properabo
1158 680 1299 728 fateri,

258 767 336 795 nec
358 754 493 808 pudor
517 754 716 807 opstabit.
788 769 873 794 non
898 769 1068 808 possum
1092 755 1213 804 ferre,
1239 755 1442 805 QuiriteS‚

260 829 463 870 Graecam
489 830 647 870 urbem.
718 830 916 883 quamuis
941 835 1071 883 quota
1096 830 1233 883 portio
1258 829 1387 870 faecis
1411 828 1605 869 Achaei?

258 905 345 945 iam
367 904 532 958 pridem
559 904 689 959 Syrus
715 905 759 944 in
786 905 972 945 Tiberim
997 905 1177 946 defluxit
1203 905 1386 946 Orontes

258 984 302 1020 et
325 979 519 1034 linguam
543 984 586 1020 et
611 993 746 1020 mores
770 984 813 1020 et
837 994 933 1020 cum
959 980 1137 1021 tibicine
1161 979 1337 1020 chordas

258 1054 452 1109 obliquas
475 1068 552 1095 nec
577 1069 663 1095 non
689 1055 870 1109 gentilia
896 1060 1102 1109 tympana
1128 1068 1269 1095 secum

256 1130 378 1172 uexit
402 1135 445 1171 et
469 1130 523 1170 ad
547 1130 706 1171 circum
732 1130 868 1170 iussas
892 1136 1082 1183 prostare
1106 1129 1279 1183 puellas.

258 1205 331 1254 ite,
356 1205 512 1258 quibus
538 1210 661 1259 grata
685 1210 749 1245 est
774 1205 888 1257 picta
914 1205 1017 1258 lupa
1043 1205 1222 1245 barbara
1247 1205 1388 1246 mitra.

257 1280 444 1321 rusticus
469 1279 543 1320 ille
570 1285 669 1320 tuus
693 1280 827 1320 sumit
853 1280 1139 1333 treehedipna,
1166 1280 1355 1329 Quirine,

257 1360 301 1396 et
325 1354 576 1397 ceromatico
600 1354 682 1395 fert
708 1354 912 1394 niceteria
937 1354 1054 1394 collo.

257 1431 327 1472 hie
350 1430 439 1471 alta
465 1430 658 1484 Sicyone,
682 1435 749 1470 ast
774 1430 843 1470 hic
868 1430 1094 1484 Amydone
1118 1430 1279 1478 relicta,

254 1506 325 1547 hic
348 1505 511 1555 Andro,
535 1505 608 1545 ille
634 1504 772 1553 Samo,
797 1505 867 1545 hic
891 1505 1110 1545 Trallibus
1134 1509 1211 1545 aut
1236 1504 1490 1554 Alabandis,

256 1581 473 1635 Esquilias
499 1580 747 1634 dictumque
771 1584 930 1633 petunt
955 1594 979 1620 a
1004 1580 1165 1620 uimine
1190 1580 1352 1629 collem,

258 1657 418 1697 uiscera
442 1669 694 1710 magnarum
719 1655 922 1695 domuum
948 1655 1195 1709 dominique
1221 1655 1367 1696 futuri.

257 1731 483 1787 ingenium
507 1730 643 1779 uelox,
667 1729 847 1770 audacia
871 1730 1051 1783 perdita,
1076 1744 1212 1771 sermo

256 1811 484 1860 promptus
507 1811 550 1847 et
576 1805 696 1846 Isaeo
721 1805 956 1845 torrentior.
1027 1805 1102 1845 ede
1127 1805 1230 1858 quid
1255 1805 1379 1845 illum

255 1895 343 1923 esse
367 1886 503 1935 putes.
574 1881 772 1934 quemuis
795 1880 1013 1920 hominem
1039 1893 1183 1920 secum
1207 1880 1360 1921 attulit
1384 1879 1438 1920 ad
1464 1894 1563 1930 nos3

257 1956 574 2012 grammaticus,
597 1956 750 2004 rhetor,
777 1960 1021 2010 geometres,
1045 1955 1194 2009 pictor,
1218 1955 1386 2010 aliptes,

256 2045 403 2086 augur,
427 2031 736 2080 schoenobates,
761 2031 963 2079 medicus,
989 2044 1152 2085 magus,
1177 2031 1320 2071 omnia
1345 2031 1469 2072 nouit

258 2106 491 2147 Graeculus
514 2107 727 2147 esuriens:
763 2106 808 2145 in
833 2106 996 2146 caelum
1021 2106 1186 2146 miseris
1211 2106 1303 2146 ibit.

257 2182 302 2221 in
327 2195 493 2222 summa
518 2195 603 2221 non
629 2181 811 2222 Maurus
835 2186 928 2221 erat
953 2194 1089 2234 neque
1115 2181 1310 2222 Sarmata
1335 2194 1412 2222 nec
1436 2181 1579 2221 Thrax

256 2256 332 2310 qui
358 2256 542 2310 sumpsit
566 2257 736 2309 pinnas,
762 2256 914 2296 mediis
940 2256 1011 2296 sed
1037 2260 1165 2296 natus
1190 2256 1386 2297 Athenis.

257 2333 408 2373 horum
431 2345 507 2387 ego
532 2345 617 2372 non
643 2332 806 2386 fugiam
831 2331 1087 2385 conchylia?
1156 2344 1222 2371 me
1247 2332 1362 2385 prior
1386 2331 1458 2372 ille

258 2408 450 2463 signabit
474 2407 694 2461 fultusque
719 2411 809 2447 toro
834 2407 1007 2447 meliore
1034 2407 1264 2455 recumbet,

257 2483 464 2524 aduectus
488 2483 668 2523 Romam
693 2495 777 2536 quo
801 2496 941 2535 pruna
965 2487 1008 2523 et
1033 2486 1207 2523 cottona
1230 2485 1392 2523 uento?

186 2625 227 2654 58
251 2630 345 2653 nunc
374 2621 401 2653 P
417 2619 519 2652 Vind.
548 2621 585 2658 Ο,
611 2629 682 2651 non
704 2618 741 2650 Ψ
830 2623 870 2651 60
896 2628 972 2660 ops·
1001 2629 1041 2650 ex
1071 2621 1096 2652 P
1120 2620 1221 2651 Arou.
1316 2624 1356 2652 61
1380 2621 1504 2652 achaei
1527 2620 1654 2659 AGL'I',

123 2674 242 2706 archei
268 2673 372 2705 schol.
399 2672 477 2705 Luc.
506 2681 518 2704 1
545 2673 618 2711 284,
646 2672 800 2703 achaeae
826 2671 852 2702 P
879 2670 981 2702 Vind.
1011 2672 1071 2703 ΟΠ
1160 2676 1200 2704 67
1225 2673 1457 2713 trechedipna
1482 2671 1511 2704 Σ
1538 2671 1655 2711 Vind.,

123 2726 376 2766 traeeaedipna
394 2726 430 2765 P,
446 2725 661 2763 rechedipna
677 2723 829 2764 peioraue
842 2721 879 2753 Ψ
969 2727 1009 2754 75
1025 2725 1134 2763 putas
1151 2724 1251 2755 Arou.
1345 2728 1386 2756 78
1402 2725 1541 2756 miseris
1556 2724 1658 2755 Arou.

124 2774 224 2808 Vind.
254 2779 287 2808 et
316 2779 357 2808 ut
386 2774 523 2807 uidetur
553 2776 587 2813 P,
612 2775 760 2806 iusseris
783 2771 820 2804 Ψ
844 2772 952 2804 nihilo
979 2772 1128 2805 deterius
1217 2779 1257 2806 '19
1288 2776 1326 2807 in
1355 2783 1494 2807 summa
1523 2775 1584 2813 Ps,
1613 2775 1659 2806 ad

125 2836 298 2860 summam
321 2827 425 2860 Vind.
453 2826 491 2859 Ψ
593 2831 635 2859 82
659 2826 816 2866 signabit
846 2826 943 2865 PAO,
974 2827 1134 2866 signauit
1158 2825 1262 2858 vind.
1297 2826 1334 2858 Ψ
1422 2827 1602 2859 recumbet
1632 2827 1658 2858 P

125 2877 226 2910 vind.
243 2880 285 2918 U,
303 2880 477 2912 recumbit
492 2877 530 2910 Ψ
