1947 3145
726 84 960 126 SATVRA
996 84 1066 125 IX
1603 81 1660 123 83

265 219 394 260 quam
418 210 460 246 te
486 204 707 246 Thersitae
733 203 918 245 similem
943 202 1150 257 producat
1175 199 1378 241 Achilles.

266 284 309 321 et
334 285 491 329 tamen,
516 285 565 321 ut
591 280 716 334 longe
741 283 908 332 repetas
932 278 1143 332 longeque
1168 275 1364 317 reuoluas

264 370 433 405 nomen,
457 356 510 396 ab
534 355 688 395 infami
712 359 884 410 gentem
910 353 1084 394 deducis
1109 352 1252 406 asylo3

265 432 477 473 maiorum
501 431 676 485 primus,
701 430 894 484 quisquis
919 430 1005 470 fuit
1030 429 1117 477 ille,
1142 432 1315 468 tuorum

130 517 193 549 275
263 511 339 548 aut
362 512 507 562 pastor
530 506 614 546 fuit
638 509 713 546 aut
738 505 848 545 illud
873 504 988 559 quod
1012 503 1149 544 dicere
1174 502 1284 544 nolo.

750 742 956 777 SATVRA
995 741 1053 776 IX

266 851 383 892 Scire
408 852 551 901 uelim,
577 864 705 905 quare
730 851 890 891 totiens
916 849 1037 898 mihi,
1063 848 1263 896 Naeuole,
1288 846 1426 887 tristis

265 940 460 969 occurras
483 927 625 968 fronte
649 926 833 967 obducta
852 939 929 966 ceu
954 925 1127 978 Marsya
1152 924 1307 964 uictus.

266 1003 371 1056 quid
394 1003 476 1044 tibi
501 1017 598 1044 cum
623 1003 763 1051 uultu,
787 1001 958 1056 qualem
983 1001 1217 1053 deprensus
1241 998 1427 1039 habebat

265 1078 440 1127 Rauola,
465 1078 569 1119 dum
594 1077 820 1131 Rhodopes
845 1076 930 1117 uda
955 1075 1060 1116 terit
1085 1074 1266 1129 inguina
1289 1072 1433 1121 barba,

175 1164 195 1194 5
264 1167 343 1194 nos
366 1153 595 1207 colaphum
621 1152 857 1193 incutimus
882 1150 1093 1191 lambenti
1117 1148 1312 1191 crustula
1338 1149 1490 1188 seruo?

266 1242 354 1270 non
378 1229 462 1269 erit
486 1229 565 1268 hac
590 1228 697 1268 facie
723 1226 1006 1268 miserabilior
1032 1224 1276 1279 Crepereius

265 1304 417 1353 Pollio,
443 1303 518 1357 qui
543 1303 758 1356 triplicem
784 1315 959 1342 usuram
984 1305 1201 1355 praestare
1225 1303 1401 1353 paratus

263 1379 460 1421 circumit
484 1383 528 1419 et
553 1378 695 1419 fatuos
720 1392 806 1418 non
832 1377 1015 1417 inuenit.
1086 1375 1199 1415 unde
1223 1377 1398 1428 repente

264 1459 330 1497 tot
353 1456 514 1510 rugae?
583 1458 696 1495 certe
721 1453 888 1494 modico
912 1455 1142 1493 contentus
1166 1450 1319 1505 agebas

154 1541 194 1572 10
263 1544 440 1572 uernam
466 1529 668 1584 equitem,
693 1529 876 1570 conuiua
901 1528 992 1568 ioco
1016 1526 1239 1567 mordente
1264 1525 1428 1566 facetus

264 1610 308 1647 et
333 1605 493 1647 salibus
517 1605 748 1646 uehemens
773 1604 891 1644 intra
914 1603 1104 1657 pomeria
1128 1602 1254 1642 natis.

264 1681 409 1722 omnia
433 1694 548 1721 nunc
571 1685 747 1721 contra:
784 1679 932 1719 uultus
957 1678 1114 1733 grauis,
1139 1676 1315 1717 horrida
1339 1676 1473 1717 siccae

265 1756 376 1798 silua
400 1769 554 1804 comae,
579 1754 727 1795 nullus
753 1758 844 1795 tota
868 1754 986 1794 nitor
1011 1753 1057 1793 in
1082 1756 1191 1800 cute,
1216 1751 1385 1805 qualem

265 1832 441 1874 Bruttia
464 1831 711 1886 praestabat
735 1830 863 1871 calidi
888 1829 969 1870 tibi
994 1828 1126 1869 fascia
1150 1827 1269 1876 uisci,

154 1920 194 1951 15
264 1908 336 1950 sed
359 1907 596 1949 fruticante
619 1906 709 1960 pilo
733 1905 927 1959 neglecta
952 1909 995 1945 et
1019 1903 1217 1957 squalida
1240 1915 1376 1943 crura.

264 1983 369 2037 quid
391 1983 547 2023 macies
570 1981 688 2036 aegri
713 1981 884 2028 ueteris,
908 1993 1036 2033 quem
1062 1984 1253 2032 tempore
1277 1977 1405 2032 longo

266 2062 402 2099 torret
427 2062 584 2112 quarta
608 2057 697 2097 dies
721 2056 909 2110 olimque
935 2055 1168 2095 domestica
1192 2053 1353 2094 febris?

197 2168 260 2197 272
284 2162 364 2195 ordo
387 2164 439 2194 est
462 2165 498 2200 et,
523 2165 560 2193 ut
584 2162 674 2202 Zonye
696 2164 829 2201 repetas,
850 2164 960 2191 tamen
982 2159 1133 2190 deducis:
1164 2157 1243 2189 uide
1266 2166 1291 2188 X
1314 2158 1377 2189 240
1400 2167 1448 2199 sq.
1473 2159 1511 2188 ut
1535 2157 1671 2197 uiyeant

126 2225 241 2248 sensus
256 2215 378 2253 animi,
398 2214 548 2246 ducenda
565 2216 676 2245 tamen
691 2216 768 2245 sunt
790 2211 794 2253 Ι
805 2213 935 2253 funera
950 2214 1115 2247 natorum,
1134 2218 1207 2241 X111
1225 2210 1287 2241 100
1303 2212 1341 2240 uc
1356 2209 1400 2240 sit
1414 2218 1546 2249 magna,
1561 2212 1672 2241 tamen

128 2270 209 2299 certe
225 2267 315 2299 lenta
329 2267 386 2297 ira
401 2266 538 2297 deorum
559 2268 613 2297 est.
659 2264 722 2296 hoc
745 2264 817 2295 loco
841 2267 951 2294 tamen
974 2265 1052 2294 ante
1075 2265 1112 2293 ut
1135 2261 1282 2303 positum
1303 2263 1364 2299 est,
1383 2262 1424 2292 ut
1442 2260 1573 2303 saepius
1592 2262 1672 2292 ante

129 2319 299 2362 quamuis,
319 2317 510 2359 saepissime
526 2319 604 2349 ante
620 2317 680 2348 etsi
696 2329 703 2349 z
728 2315 885 2348 similiter
905 2315 942 2346 in
959 2313 1057 2346 Ouid.
1078 2317 1158 2345 met.
1180 2321 1219 2344 IX
1236 2314 1339 2345 556—8
1358 2311 1504 2344 Bachius
1519 2312 1672 2344 restituit

130 2381 186 2402 nec
208 2380 267 2402 nos
288 2373 349 2401 aut
370 2369 480 2400 durus
496 2371 595 2409 pater
618 2371 678 2399 aut
702 2367 889 2399 reuerentia
903 2367 1024 2406 famae
1045 2364 1050 2406 1
1069 2368 1129 2396 aut
1152 2366 1253 2396 timor
1271 2364 1436 2404 impediet.
1486 2366 1614 2395 tamen
1629 2366 1672 2394 ut

129 2424 174 2455 sit
196 2431 298 2454 causa
321 2420 463 2453 timendi
483 2420 487 2461 Ι
507 2420 622 2451 dulcia
635 2420 793 2460 fraterno
815 2418 874 2449 sub
897 2419 1030 2449 nomine
1047 2418 1152 2457 furta
1179 2419 1330 2457 teqemus,
1357 2415 1416 2447 ubi
1442 2414 1522 2447 libri
1549 2415 1671 2457 optimi

129 2476 265 2506 tantum
278 2473 333 2512 sit,
353 2470 521 2504 Planudes
537 2473 626 2509 ὅμωσ
642 2472 746 2509 ἀπείη,
765 2469 801 2501 id
817 2472 868 2501 est
884 2472 994 2500 tamen
1010 2469 1095 2499 absit

196 2554 217 2581 4
229 2552 263 2582 et
275 2553 294 2582 5
307 2547 516 2590 interpunxi.
565 2557 634 2584 nos,
649 2547 708 2588 qui
723 2546 923 2587 inrupimus,
944 2544 1090 2576 Rauolae
1107 2543 1284 2585 colaphum
1299 2542 1484 2575 incutimus
1497 2545 1671 2584 tamquam

131 2611 226 2633 seruo
249 2600 400 2633 crustula
425 2599 599 2631 lambenti.
650 2598 696 2629 sic
720 2597 845 2628 seruari
872 2606 966 2638 posse
991 2595 1127 2627 uidetur
1150 2605 1266 2626 uersus
1291 2595 1309 2626 5
1334 2593 1463 2636 alioqui
1486 2592 1670 2625 delendus:

131 2652 259 2685 deleuit
285 2663 362 2685 eum
386 2652 537 2690 Guietus,
566 2650 669 2682 habet
696 2649 831 2681 Seruius
854 2659 962 2690 georg.
991 2657 1035 2679 111
1064 2649 1127 2679 360
1155 2650 1189 2678 et
1216 2647 1299 2678 Aen.
1327 2655 1384 2678 vn
1409 2646 1471 2678 115
1560 2649 1579 2677 6
1602 2645 1673 2676 erit

131 2705 256 2744 PSAG,
283 2706 363 2737 erat
393 2703 431 2735 Ψ
532 2707 574 2734 14
600 2702 652 2733 bis
680 2701 842 2732 exhibent
869 2701 940 2738 GU,
969 2702 1003 2731 et
1030 2709 1088 2730 suo
1119 2698 1191 2730 loeo
1222 2700 1256 2730 et
1286 2698 1376 2730 inter
1407 2699 1445 2729 11
1479 2698 1513 2728 et
1544 2698 1584 2727 12

168 2757 319 2791 ,Bruttia
345 2755 556 2796 praestabat
583 2754 700 2785 calida
726 2753 794 2784 tibi
821 2753 882 2783 GU
907 2751 1014 2793 priore
1042 2750 1123 2789 1000,
1151 2751 1298 2782 Brustia
1324 2748 1537 2790 praestabat
1564 2747 1672 2779 calidi

127 2808 262 2840 ‚circum
277 2809 313 2847 P,
333 2808 544 2848 praestabat
561 2806 667 2837 calidi
683 2805 884 2836 circumlita
899 2802 937 2834 Ψ
1026 2807 1066 2834 15
1080 2803 1142 2834 sed
1154 2803 1350 2834 fruticante
1366 2800 1403 2832 Ψ
1416 2800 1518 2831 Prisc.
1535 2799 1574 2830 G.
1582 2798 1666 2831 L.K.

132 2867 162 2892 11
186 2869 218 2901 p.
247 2861 320 2899 433,
347 2860 410 2891 sed
432 2859 648 2890 fructicante
672 2857 705 2894 F,
731 2856 793 2888 sed
816 2855 1055 2887 fructificante
1075 2855 1126 2886 PS
1145 2853 1279 2895 aliique,
1300 2853 1540 2885 fructificante
1556 2851 1584 2883 Τ
