1947 3145
770 80 1002 121 SATVRA
1037 81 1103 121 VI
1644 84 1667 124 5
1679 84 1701 124 1

299 198 367 240 his
391 198 561 240 clunem
585 203 715 252 atque
739 198 852 240 latus
876 198 1048 240 discunt
1071 199 1240 240 uibrare
1265 198 1496 253 magistris,

156 284 181 313 0
207 283 247 314 20
295 273 499 328 quicquid
523 278 740 327 praeterea
765 274 845 315 scit
869 274 946 328 qui
970 274 1100 315 docet.
1170 273 1285 314 haud
1310 278 1457 315 tamen
1482 274 1549 314 illi

297 365 460 406 semper
483 351 678 392 habenda
703 351 831 393 fides:
868 352 1011 393 oculos
1035 352 1216 407 fuligine
1239 351 1376 406 pascit

295 426 525 468 distinctus
551 427 708 467 croceis
731 432 774 468 et
798 427 1052 468 reticulatus
1075 427 1255 468 adulter.

295 507 514 556 suspectus
537 501 620 542 tibi
645 501 713 550 sit,
738 507 900 555 quanto
925 516 1009 543 uox
1033 502 1204 543 mollior
1228 507 1271 543 et
1295 516 1379 557 quo

296 577 462 631 saepius
485 577 532 617 in
556 577 717 617 teneris
741 576 936 617 haerebit
961 577 1136 618 dextera
1161 577 1329 618 lumbis.

155 662 180 691 0
205 661 246 692 25
293 651 365 693 hic
387 653 470 693 erit
494 652 540 692 in
565 651 674 692 lecto
699 651 981 703 fortissimus3
1017 653 1138 693 exuit
1161 652 1252 694 illic

294 741 522 782 personam
546 727 674 768 docili
700 727 829 768 Thais
853 728 1010 768 saltata
1036 728 1270 782 Triphallo.

295 816 422 859 quem
446 802 591 843 rides?
660 802 759 843 aliis
783 803 901 843 hunc
924 803 1132 843 mimum!
1201 803 1371 857 sponsio
1395 804 1496 845 fiat:

296 893 452 934 purum
476 883 519 919 te
543 877 755 919 contendo
780 878 931 927 uirum,
956 878 1191 920 contendo:
1226 879 1388 928 fateris,

295 969 351 996 an
374 960 499 995 uocat
522 953 700 994 ancillas
724 954 900 994 tortoris
924 953 1132 1008 pergula?
1203 954 1306 995 noui

155 1042 179 1070 ο
206 1040 245 1071 30
292 1029 470 1071 consilia
495 1033 539 1070 et
564 1032 727 1069 ueteres
753 1042 1043 1083 quaecumque
1068 1030 1252 1070 monetis
1277 1029 1415 1078 amici,

294 1110 303 1125 ‘
318 1118 428 1159 pone
453 1118 602 1153 seram,
626 1104 800 1145 cohibe?
869 1104 941 1145 sed
965 1105 1061 1158 quis
1085 1105 1295 1146 custodiet
1320 1105 1434 1158 ipsos

293 1179 500 1229 custodes,
525 1179 600 1233 qui
624 1193 740 1220 nunc
764 1179 945 1220 lasciuae
971 1179 1089 1220 furta
1113 1180 1281 1233 puellae

292 1256 371 1296 hac
394 1254 584 1295 mercede
608 1254 771 1295 silent?
839 1255 1001 1294 crimen
1025 1268 1249 1296 commune
1274 1259 1451 1299 tacetur.

290 1330 495 1384 prospicit
520 1329 599 1370 hoc
622 1329 810 1383 prudens
834 1334 877 1369 et
902 1329 954 1369 ab
979 1328 1070 1369 illis
1093 1330 1249 1383 incipit
1274 1343 1390 1370 uxor.

158 1416 222 1447 366
359 1409 462 1446 sunt
487 1418 591 1458 quas
615 1404 804 1445 eunuchi
828 1404 1008 1445 inbelles
1031 1418 1079 1445 ac
1102 1405 1250 1445 mollia
1274 1418 1440 1460 semper

293 1480 435 1522 oscula
460 1479 674 1521 delectent
699 1484 742 1520 et
768 1479 1010 1533 desperatio
1034 1480 1192 1521 barbae

293 1562 338 1597 et
363 1555 477 1610 quod
501 1555 696 1596 abortiuo
720 1569 809 1596 non
833 1560 898 1596 est
923 1569 1038 1609 opus.
1109 1555 1185 1596 illa
1210 1555 1412 1610 uoluptas

292 1644 458 1672 summa
482 1635 639 1679 tamen,
663 1644 793 1685 quom
817 1631 904 1671 iam
927 1630 1066 1671 calida
1090 1635 1260 1672 matura
1284 1632 1463 1673 iuuenta

154 1717 220 1749 370
289 1707 472 1762 inguina
497 1705 732 1747 traduntur
756 1705 946 1754 medicis,
970 1706 1056 1746 iam
1080 1707 1250 1760 pectine
1275 1707 1409 1761 nigro.

293 1796 394 1837 ergo
420 1786 667 1836 expectatos
691 1795 739 1822 ac
763 1781 898 1822 iussos
921 1795 1105 1822 crescere
1129 1782 1321 1836 primum

292 1858 523 1907 testiculos,
546 1862 774 1912 postquam
799 1863 1029 1912 coeperunt
1055 1871 1142 1898 esse
1167 1858 1356 1908 bilibres,

292 1935 478 1976 tonsoris
502 1933 659 1974 damno
683 1937 855 1974 tantum
879 1933 992 1987 rapit
1017 1933 1286 1975 Heliodorus.

224 2029 266 2057 25
289 2025 381 2057 lecto
404 2023 608 2066 Postgatius,
635 2025 731 2055 tecto
759 2024 786 2055 Ο
889 2027 930 2055 26
957 2026 1018 2055 aut
1044 2025 1135 2055 exuit
1158 2034 1333 2063 personam
1362 2024 1466 2057 Thais
1492 2035 1552 2068 pro
1578 2026 1692 2066 Thais,

153 2086 240 2118 quae
262 2076 354 2108 nihil
376 2076 447 2107 nisi
464 2086 605 2116 persona
620 2078 674 2114 est,
693 2076 829 2106 exuitur
851 2075 999 2117 positum
1016 2078 1076 2113 est,
1098 2075 1188 2117 quod
1204 2075 1364 2118 loquendi
1385 2087 1491 2119 genus
1514 2077 1556 2110 ad
1574 2078 1692 2111 Manil.

158 2138 171 2160 1
204 2129 265 2160 539
297 2127 469 2159 illustraui
499 2126 622 2158 adlatis
653 2126 814 2168 exemplis
844 2126 942 2168 quale
974 2130 1024 2158 est
1055 2127 1152 2168 Prop.
1181 2136 1220 2159 1v
1253 2130 1290 2159 11
1324 2130 1363 2160 31
1396 2129 1503 2161 altera
1532 2134 1696 2163 maternos

157 2181 316 2219 exaequat
331 2179 430 2210 turba
443 2178 582 2209 Libones
597 2176 647 2217 (id
663 2180 714 2209 est
729 2177 835 2209 altera
853 2177 962 2216 turba,
985 2178 1128 2208 materni
1146 2177 1297 2215 Libones,
1316 2179 1528 2222 Scipionibus
1546 2181 1697 2223 paterm's

157 2230 387 2272 exaequatur),
419 2232 480 2261 aut
508 2229 612 2261 T'hais
638 2230 761 2260 saltata
789 2229 964 2269 Triphallo
991 2239 1050 2270 pro
1081 2229 1279 2270 Triphallzcs
1302 2232 1362 2272 qai
1388 2232 1524 2264 Thaida
1553 2233 1695 2265 saltauit

157 2280 391 2324 accipiendum
418 2283 479 2319 est,
506 2280 791 2323 quemadmodum
815 2280 913 2322 Verg.
940 2281 1023 2312 Aen.
1048 2290 1088 2312 ΧΙ
1120 2282 1182 2313 268
1214 2283 1378 2314 deuictam
1403 2284 1527 2316 Asiam
1552 2285 1694 2318 subsedit

156 2333 292 2364 adulter
317 2343 377 2374 pro
403 2333 600 2364 deuictorem
621 2333 735 2371 Asiae,
756 2332 856 2364 Ouid.
876 2332 965 2364 trist.
988 2341 1000 2363 1
1025 2334 1043 2364 9
1069 2334 1108 2364 10
1132 2334 1250 2364 nullus
1265 2334 1310 2365 ad
1325 2336 1467 2367 amissas
1482 2336 1544 2368 ibit
1566 2338 1695 2369 amicus

155 2395 228 2424 opes
250 2394 310 2427 pro
334 2394 408 2415 eum
432 2385 491 2425 qui
514 2394 584 2424 opes
613 2384 765 2415 amiserit
853 2388 893 2415 27
921 2383 1118 2425 interpunxi
1206 2389 1246 2417 31
1274 2386 1395 2419 cohibe
1422 2385 1460 2418 Ψ
1490 2398 1590 2420 uersu
1618 2389 1690 2428 347,

156 2437 297 2469 cohibes
320 2435 375 2467 hic
400 2436 427 2468 Ο
537 2436 714 2467 custodiet
740 2433 805 2467 ΡΨ
827 2445 860 2466 11.
889 2435 960 2471 347,
985 2437 1166 2468 custodiat
1189 2435 1244 2467 hic
1268 2438 1295 2469 0
1387 2442 1428 2471 32
1452 2444 1493 2472 33
1517 2442 1579 2481 qui
1601 2450 1695 2473 nunc

155 2513 162 2520 .
184 2512 192 2520 .
214 2512 221 2519 .
246 2490 389 2520 tacetur
411 2486 521 2519 adfert
543 2485 572 2517 Σ
595 2486 637 2517 ad
661 2488 734 2518 348.
783 2489 932 2518 ceterum
957 2486 1159 2518 Buecheler-o
1184 2488 1282 2528 (Mus.
1308 2488 1416 2522 Rhen.
1442 2502 1495 2523 an.
1525 2493 1608 2524 1899
1632 2502 1689 2535 pp.

157 2540 277 2579 484-8)
303 2542 338 2571 et
367 2537 622 2570 Friedlaendero
649 2537 832 2577 (Deutsche
862 2538 1187 2581 Litteraturzeitung
1217 2550 1270 2571 an.
1301 2543 1384 2573 1903
1415 2552 1470 2585 pp.
1498 2544 1581 2576 1346
1612 2545 1690 2586 sq.)‚

155 2590 329 2623 quenalis
368 2590 554 2622 editoribus
591 2590 693 2621 huius
733 2590 854 2621 aetatis
896 2589 1118 2622 celeberrimis
1159 2591 1348 2634 eisdemque
1389 2593 1693 2637 interpolationuni

156 2642 425 2685 patientissimis,
450 2642 488 2673 hi
510 2650 631 2673 XXXIV
654 2651 779 2679 uersus,
808 2642 887 2683 quia
913 2641 978 2683 ipsi
1001 2652 1055 2673 eos
1078 2653 1145 2673 non
1173 2643 1408 2685 expediebant,
1436 2646 1602 2679 subditiui
1629 2647 1695 2679 uisi

156 2696 238 2726 sunt
252 2705 261 2734 ;
284 2693 375 2736 quod
401 2703 443 2725 ne
470 2704 511 2725 ex
536 2693 713 2724 hominum
737 2693 898 2724 memoria
924 2692 1067 2732 excidat,
1095 2697 1261 2736 quantum
1284 2699 1409 2738 potero,
1438 2698 1607 2739 perficiam

200 2750 262 2779 369
293 2755 399 2787 quom
429 2744 642 2783 Ribbeckius,
674 2743 752 2775 uide
784 2753 829 2775 111
863 2744 913 2783 37,
948 2746 1041 2785 quod
1069 2744 1145 2784 ΡΨ,
1180 2748 1312 2787 quando
1341 2749 1454 2780 calida
1489 2748 1694 2782 Schraderus

243 2802 305 2831 371
321 2800 528 2839 expectatos
545 2796 592 2835 Ψ,
610 2799 790 2838 spectatos
807 2798 833 2829 P
851 2800 958 2829 metro
980 2798 1039 2829 uix
1062 2799 1223 2840 patiente.
1269 2800 1360 2833 idem
1384 2802 1545 2835 mendum
1565 2811 1606 2835 vx
1630 2804 1693 2837 274

156 2852 191 2881 et
206 2849 346 2882 fortasse
362 2859 418 2882 vn
435 2852 476 2882 22
564 2854 626 2882 373
643 2850 772 2881 damno
787 2850 931 2881 tantum
946 2850 983 2889 P,
1003 2852 1146 2882 tantum
1162 2852 1290 2884 damno
1307 2851 1344 2884 Ψ
