1947 3145
178 536 240 568 255

177 913 240 944 260

175 1289 238 1321 265

175 1665 238 1698 270

175 2043 238 2077 275

173 2421 237 2452 280

239 2522 302 2551 251
326 2518 443 2558 agitat
466 2516 513 2556 Ψ,
541 2517 656 2556 agitet
679 2518 741 2554 PS,
768 2527 879 2548 erasus
910 2518 941 2549 U

261 2574 323 2602 256
347 2570 490 2601 tunicae
514 2568 604 2599 Seru.
626 2568 708 2599 Aen.
726 2576 751 2598 x
776 2570 837 2599 496

773 110 1008 151 SATVRA
1043 110 1110 151 VI

313 231 482 281 pectore
507 226 602 280 plus
621 226 760 281 agitat
781 240 989 281 ueraeque
1014 231 1191 281 paratur
1216 228 1398 269 harenae
1416 230 1431 269 ἲ

314 315 442 357 quem
465 305 680 355 praestare
706 306 847 355 potest
872 302 1028 343 mulier
1052 302 1218 357 galeata
1242 303 1460 357 pudorem,

313 390 420 431 quae
444 376 561 431 fugit
585 390 609 416 a
633 390 748 425 seim,
773 377 886 417 uires
909 380 1057 418 amat?
1124 378 1227 419 haec
1250 382 1395 419 tamen
1420 379 1513 433 ipsa

315 452 382 492 uir
406 451 542 492 nollet
567 452 668 500 fieri,
692 465 792 492 nam
817 453 1027 505 quantula
1051 458 1197 494 nostra
1222 453 1446 507 uoluptas!

311 527 435 580 quale
460 526 596 574 decus,
621 540 761 567 rerum
787 527 822 567 si
847 527 1040 582 coniugis
1065 529 1207 569 auctio
1233 529 1320 577 fiat,

312 602 481 643 balteus
506 606 548 643 et
573 602 766 642 manicae
792 607 835 643 et
860 603 1013 643 cristae
1033 604 1252 657 crurisque
1277 605 1442 646 sinistri

312 677 540 718 dimidium
566 677 777 732 tegimen!
847 678 928 726 uel,
952 679 988 719 si
1013 678 1182 719 diuersa
1206 680 1397 722 mouebit

312 753 486 808 proelia,
511 757 560 794 tu
585 753 690 794 felix
716 766 857 794 ocreas
883 754 1097 795 uendente
1121 755 1274 808 puella.

311 828 392 869 hae
417 832 518 869 sunt
542 841 648 882 quae
673 828 794 869 tenui
820 829 978 869 sudant
1003 829 1049 869 in
1074 830 1255 884 cyclade,
1281 845 1464 885 quarum

310 902 484 944 delicias
508 907 551 944 et
575 903 834 957 panniculus
859 903 1139 958 bombycinus
1164 906 1287 946 urit?

310 979 451 1032 aspice
476 992 559 1032 quo
584 978 760 1019 fremitu
784 983 1044 1020 monstratos
1068 980 1253 1033 perferat
1278 981 1392 1022 ictus

309 1059 353 1095 et
378 1059 540 1108 quanto
564 1054 710 1108 galeae
733 1058 935 1095 curuetur
959 1054 1152 1107 pondere,
1177 1060 1337 1109 quanta

310 1129 551 1183 poplitibus
577 1129 719 1169 sedeat
744 1137 876 1182 quani
898 1129 1028 1170 denso
1054 1130 1183 1170 fascia
1207 1131 1327 1179 libro,

310 1209 354 1245 et
379 1204 468 1244 ride
492 1204 645 1258 positis
670 1205 892 1258 scaphium
916 1218 1014 1245 cum
1039 1206 1227 1246 sumitur
1251 1207 1392 1247 armis.

309 1279 438 1320 dicite
462 1292 552 1328 uos,
577 1283 726 1332 neptes
751 1279 903 1332 Lepidi
928 1280 1093 1320 caeciue
1118 1281 1289 1321 Metelli

311 1354 511 1409 Gurgitis
535 1358 611 1394 aut
636 1354 774 1402 Fabii,
799 1368 905 1408 quae
930 1354 1046 1395 ludia
1071 1357 1301 1409 sumpserit
1325 1371 1528 1412 umquam

310 1430 387 1471 hos
411 1429 597 1478 habitus,
622 1430 792 1483 quando
816 1430 870 1469 ad
894 1430 1041 1483 palum
1066 1436 1214 1490 gemat
1238 1446 1345 1472 uxor
1370 1433 1506 1488 Asyli.

376 1518 540 1559 semper
564 1505 692 1546 habet
716 1505 816 1546 lites
840 1505 1092 1559 alternaque
1117 1507 1255 1562 iurgia
1280 1507 1415 1549 lectus

310 1581 356 1622 in
380 1595 464 1635 quo
489 1585 624 1634 nupta
648 1581 784 1631 iacet;
820 1581 1052 1621 minimum
1077 1582 1290 1623 dormitur
1314 1584 1360 1623 in
1386 1584 1471 1625 illo.

309 1661 403 1697 tum
427 1656 574 1711 grauis
598 1656 674 1696 illa
699 1657 801 1705 uiro,
826 1661 930 1697 tunc
955 1657 1056 1697 orba
1082 1657 1239 1712 tigride
1263 1659 1391 1712 peior,

308 1746 405 1772 cum
429 1731 606 1772 simulat
631 1732 816 1784 gemitus
841 1732 996 1773 occulti
1021 1734 1187 1773 conscia
1212 1734 1329 1783 facti,

309 1811 386 1848 aut
411 1807 502 1847 odit
526 1820 677 1860 pueros
701 1811 778 1846 aut
804 1807 902 1847 ficta
926 1807 1085 1861 paelice
1110 1807 1262 1861 plorat,

310 1882 511 1922 uberibus
536 1895 701 1935 semper
726 1881 915 1922 lacrimis
940 1896 1190 1936 semperque
1214 1884 1376 1937 paratis

309 1958 355 1998 in
381 1957 568 1998 statione
593 1971 667 1997 sua
691 1961 823 2010 atque
847 1958 1176 2010 expectantibus
1201 1958 1333 2007 illam,

309 2046 391 2087 quo
416 2033 559 2073 iubeat
584 2046 755 2072 manare
781 2032 915 2073 modo.
987 2036 1036 2073 tu
1059 2033 1195 2074 credis
1219 2047 1418 2084 amorem,

309 2113 360 2150 tu
386 2108 468 2149 tibi
494 2112 611 2156 tunc,
636 2121 776 2157 uruca,
801 2108 941 2161 places
967 2108 1202 2162 fletumque
1226 2109 1393 2151 labellis

309 2183 492 2232 exorbes‚
516 2197 623 2237 quae
647 2183 805 2236 scripta
831 2187 875 2223 et
900 2187 1004 2237 quot
1030 2183 1191 2224 lecture
1216 2185 1400 2227 tabellas

309 2260 345 2301 si
369 2259 451 2300 tibi
476 2258 692 2312 zelotypae
717 2262 966 2312 retegantur
991 2259 1145 2299 scrinia
1170 2261 1393 2302 moechae!

309 2334 382 2376 sed
405 2334 515 2374 iacet
540 2334 586 2373 in
612 2334 723 2374 serui
748 2334 1040 2387 complexibus
1064 2338 1142 2375 aut
1167 2335 1335 2389 equitis.
1406 2336 1484 2385 dic,

307 2410 374 2451 dic
398 2409 584 2462 aliquem
609 2408 728 2449 sodes
753 2409 835 2457 hic,
862 2409 1141 2459 Quintiliane,
1165 2411 1354 2452 colorem.

173 2621 311 2653 exhibet
338 2622 375 2660 ¹1¹,
409 2622 471 2652 592
498 2620 619 2658 PSGO,
647 2628 719 2651 vnI
748 2622 809 2650 224
839 2620 879 2658 U,
911 2622 950 2650 ut
981 2619 1075 2651 nullo
1106 2620 1177 2652 loco
1208 2623 1294 2652 teste
1321 2624 1432 2654 eareat

173 2674 327 2712 PAFLU,
355 2673 450 2704 ridet
476 2672 561 2703 Go‘r
650 2675 712 2702 270
742 2673 820 2702 tum
843 2672 884 2710 U,
911 2673 997 2703 tunc
1023 2670 1070 2710 Ψ,
1091 2681 1170 2703 cum
1200 2673 1258 2704 PA
1346 2678 1410 2705 274
1439 2675 1710 2714 expectantibus

174 2725 275 2763 PAU,
307 2724 552 2764 spectantibus
577 2721 614 2753 Ψ

175 2785 305 2809 curuca
328 2777 368 2815 G,
386 2778 472 2808 tunc
491 2784 518 2807 c.
539 2775 606 2813 LU,
627 2776 669 2806 tu
690 2783 716 2806 c.
739 2775 775 2812 O,
797 2783 876 2805 cum
898 2783 924 2805 c.
949 2775 988 2813 A,
1010 2783 1089 2806 cum
1110 2784 1220 2808 curua
1240 2785 1282 2808 ca
1303 2778 1330 2808 Τ

1649 114 1706 154 45

1029 2521 1091 2549 252
1123 2527 1265 2550 seruare
1289 2518 1392 2551 schol.
1420 2519 1499 2551 Luc.
1527 2528 1599 2551 VI11
1625 2520 1665 2553 76

926 2572 987 2600 259
1011 2569 1098 2600 haec
1122 2569 1222 2600 Arou.
1247 2570 1281 2608 F,
1302 2580 1404 2611 quam
1428 2570 1568 2602 formam
1585 2580 1625 2602 vr
1647 2572 1710 2603 569

1541 2627 1604 2655 264
1633 2624 1709 2655 ride

703 2727 764 2754 276
789 2724 875 2754 tunc
899 2731 1010 2754 uruca
1036 2724 1058 2754 S
1084 2723 1185 2754 Aron.
1211 2725 1236 2755 F
1261 2727 1294 2756 et
1320 2725 1376 2763 (nc
1401 2725 1437 2756 in
1462 2726 1542 2765 ras.)
1568 2727 1603 2765 P,
1632 2728 1710 2758 tum

1419 2782 1481 2809 277
1505 2779 1638 2810 lecture
1662 2777 1708 2811 Ψ,

174 2829 332 2861 lecturae
349 2829 460 2865 Aron„
478 2828 616 2858 lectura
632 2827 658 2858 P
747 2830 808 2857 278
832 2828 1043 2865 retegantur
1068 2851 1074 2858 .
1108 2851 1114 2858 .
1145 2851 1152 2859 .
1181 2829 1346 2861 moechae
1362 2827 1409 2868 Ψ,
1429 2831 1596 2869 legantur
1620 2854 1627 2861 .
1661 2855 1667 2861 .
1699 2854 1706 2860 .

173 2880 309 2912 moechi
333 2880 359 2911 Ρ
384 2878 454 2910 flor.
481 2878 579 2919 Sang.

688 2882 750 2909 280
777 2878 833 2909 hic
859 2876 914 2909 ΡΣ
940 2877 1022 2909 Brit.
1055 2879 1160 2910 15600
1184 2879 1280 2911 Laur.
1307 2889 1427 2912 xxxlv
1454 2883 1505 2921 42,
1534 2882 1590 2913 dic
1615 2879 1652 2911 Ψ
