1947 3145
235 118 257 157 1
267 117 291 158 3
301 117 325 158 6
832 115 1159 156 IVVENALIS

366 233 451 275 tale
475 247 600 288 super
623 247 771 274 cenam
796 233 961 273 facinus
985 238 1177 273 narraret
1202 232 1350 273 Vlixes

256 319 295 350 15
364 309 556 357 Alcinoo,
579 309 710 349 bilem
735 311 813 348 aut
836 308 969 347 risum
994 307 1170 348 fortasse
1194 307 1448 361 quibusdam

368 388 562 424 mouerat
586 388 635 423 ut
661 382 841 422 mendax
867 381 1123 436 aretalogus.
1193 382 1264 422 ‘in
1288 395 1405 422 mare
1429 395 1553 423 nemo

367 458 479 498 hunc
504 458 635 498 abicit
660 470 786 497 saeua
811 456 991 510 dignum
1016 469 1199 510 ueraque
1225 456 1455 510 Charybdi,

369 534 599 588 fingentem
623 532 818 572 inmanes
842 531 1151 586 Laestrygonas
1175 536 1217 572 et
1243 532 1480 586 Cyclopas?

368 622 468 648 nam
493 608 621 649 citius
647 606 835 660 Scyllam
859 606 929 646 uel
952 607 1252 647 concurrentia
1278 620 1379 648 saxa

259 693 302 723 20
373 682 555 736 Cyaneis
577 681 726 735 plenos
750 685 794 722 et
818 681 1146 735 tempestatibus
1170 686 1286 722 utres

369 756 621 798 crediderim
646 761 722 796 aut
747 756 869 796 tenui
892 770 1136 810 percussum
1159 757 1330 797 uerbere
1357 757 1496 797 Circes

368 837 411 873 et
435 846 530 873 cum
554 831 784 885 remigibus
808 831 1034 885 grunnisse
1058 831 1269 885 Elpenora
1293 832 1440 884 porcis.

368 912 459 948 tam
484 907 608 948 uacui
632 907 786 961 capitis
810 906 1020 960 populum
1045 907 1234 947 Phaeaca
1259 907 1432 960 putauit
1449 907 1486 947 ξ’

368 983 426 1023 sic
451 983 606 1036 aliquis
632 982 785 1023 merito
810 982 1003 1022 nondum
1027 982 1170 1023 ebrius
1195 987 1237 1022 et
1261 982 1487 1022 minimum
1512 982 1587 1036 qui

258 1069 299 1099 25
370 1058 420 1098 de
447 1057 679 1112 Corcyraea
704 1061 913 1097 temetum
938 1056 1118 1097 duxerat
1142 1071 1276 1107 urna3

370 1133 483 1174 solus
507 1133 622 1174 enim
647 1133 749 1173 haec
775 1132 950 1172 Ithacus
975 1132 1094 1172 nullo
1119 1132 1198 1172 sub
1223 1136 1331 1173 teste
1356 1133 1545 1173 canebat.

371 1222 447 1250 nos
471 1208 666 1249 miranda
690 1207 863 1261 quidem
888 1207 960 1247 sed
984 1221 1120 1261 nuper
1144 1207 1313 1248 consule
1340 1208 1474 1248 Iunco

371 1288 490 1339 gesta
508 1297 635 1337 super
659 1282 818 1324 calidae
842 1282 1068 1323 referemus
1093 1283 1258 1323 moenia
1284 1282 1421 1336 Copti,

371 1373 445 1400 nos
469 1359 592 1413 uulgi
617 1358 750 1399 scelus
776 1362 818 1398 et
842 1359 1009 1399 cunctis
1033 1359 1227 1413 grauiora
1251 1358 1466 1408 coturnis;

260 1446 302 1476 30
372 1449 473 1476 nam
498 1433 643 1482 scelus,
667 1448 691 1474 a
716 1433 884 1487 Pyrrha
909 1447 1168 1487 quamquam
1193 1433 1336 1473 omnia
1361 1438 1549 1487 syrmata
1574 1432 1736 1480 uoluaS,

371 1509 520 1550 nullus
543 1513 649 1562 aput
675 1508 855 1562 tragicos
879 1508 1063 1562 populus
1089 1509 1200 1548 facit.
1271 1508 1423 1561 accipe,
1448 1512 1588 1548 nostro

372 1585 465 1626 dira
490 1584 605 1638 quod
629 1584 874 1637 exemplum
899 1584 1042 1624 feritas
1067 1583 1312 1636 produxerit
1337 1597 1451 1624 aeuo.

438 1660 550 1700 inter
574 1659 778 1699 finitimos
804 1664 928 1698 uetus
953 1662 1081 1712 atque
1106 1658 1284 1711 antiqua
1310 1658 1520 1706 simultas,

371 1734 597 1776 inmortale
623 1734 770 1774 odium
795 1739 837 1774 et
862 1747 1096 1787 numquam
1121 1733 1306 1774 sanabile
1332 1734 1503 1780 uulnus,

262 1822 302 1852 35
372 1810 489 1851 ardet
514 1810 654 1850 adhuc
679 1809 835 1850 Ombos
859 1814 902 1849 et
928 1810 1123 1849 Tentura.
1195 1823 1386 1849 summus
1413 1809 1632 1862 utrimque

374 1885 474 1926 inde
498 1885 615 1926 furor
641 1884 779 1938 uolgo,
804 1884 917 1938 quod
940 1885 1119 1925 numina
1146 1885 1385 1925 uicinorum

374 1961 464 2002 odit
488 1964 666 2013 uterque
691 1960 818 2007 locus,
842 1973 939 2000 cum
965 1960 1072 2000 solos
1096 1959 1238 2000 credat
1262 1960 1476 2000 habendos

374 2050 461 2077 esse
485 2036 582 2076 deos
607 2049 711 2089 quos
735 2035 825 2088 ipse
850 2035 962 2075 colit.
1034 2034 1105 2075 sed
1131 2039 1319 2088 tempore
1344 2035 1453 2075 festo

374 2111 548 2152 alterius
573 2110 720 2164 populi
744 2109 945 2163 rapienda
969 2110 1127 2149 occasio
1151 2111 1315 2150 cunctis

265 2196 305 2227 40
375 2186 467 2226 uisa
491 2186 759 2226 inimicorum
783 2185 1040 2238 primoribus
1065 2198 1112 2225 ac
1137 2184 1327 2233 ducibus,
1352 2199 1404 2225 ne

376 2261 539 2302 laetum
563 2260 825 2314 hilaremque
849 2260 974 2308 diem,
998 2273 1050 2300 ne
1075 2274 1252 2314 magnae
1277 2260 1430 2314 gaudia
1454 2273 1578 2301 cenae

378 2337 585 2377 sentirent
610 2336 762 2390 positis
787 2335 838 2376 ad
864 2336 1025 2389 templa
1050 2341 1093 2376 et
1117 2336 1303 2389 compita
1328 2336 1483 2376 mensis

309 2471 349 2500 18
365 2469 402 2499 et
418 2466 499 2498 Bob.
512 2466 558 2504 Ψ,
573 2469 680 2508 atque
697 2469 783 2500 PA'I’
865 2472 904 2500 20
922 2469 1070 2508 Cyaneis
1089 2468 1169 2499 Bob.
1182 2469 1240 2500 PU
1256 2468 1388 2509 aliique,
1403 2469 1538 2507 Cyanes
1554 2467 1600 2504 Ψ,
1614 2469 1775 2508 Cyaneas

241 2518 314 2551 cod.
332 2518 370 2551 R..
392 2518 557 2559 Stephani
580 2519 808 2560 probabiliter,
829 2519 887 2551 sed
912 2519 988 2551 uide
1005 2519 1079 2551 Val.
1102 2519 1150 2551 Fi.
1173 2528 1211 2550 n·
1236 2521 1296 2551 658
1316 2520 1463 2559 Cyaneae
1482 2520 1564 2560 iuya
1580 2520 1776 2560 praecipites

243 2572 349 2602 inlisa
369 2572 541 2601 remittunt
563 2575 597 2602 et
618 2570 657 2601 de
679 2570 796 2602 datiuo
822 2571 894 2602 qu.
912 2580 936 2601 V
954 2573 993 2602 42
1014 2572 1070 2602 illi
1157 2575 1197 2603 23
1222 2573 1272 2603 sic
1294 2580 1448 2602 uacuum
1471 2572 1603 2603 cerebri
1630 2580 1663 2611 p.
1683 2579 1715 2611 p.
1736 2580 1770 2611 p.

243 2622 344 2654 Prisc.
368 2622 404 2653 G.
414 2621 497 2653 LK.
523 2630 567 2652 111
592 2632 624 2663 p.
652 2623 713 2653 218
740 2622 956 2664 praecedente
980 2622 1100 2654 lacuna
1188 2627 1228 2654 25
1252 2624 1403 2654 duxerat
1426 2623 1462 2660 P,
1489 2623 1706 2662 produxerat
1728 2623 1769 2661 A,

241 2675 440 2706 deduxerat
457 2672 536 2704 Bob.
558 2671 595 2704 Ψ
671 2678 711 2704 26
728 2675 815 2706 haec
830 2674 909 2705 Bob.
924 2673 971 2713 Ψ,
991 2675 1048 2706 hic
1064 2675 1090 2706 P
1106 2674 1175 2706 flor.
1197 2674 1296 2715 Sang.
1377 2678 1417 2706 27
1434 2675 1490 2705 set
1507 2673 1600 2709 Bob.,
1619 2673 1702 2705 item
1719 2675 1770 2711 38,

241 2729 281 2757 ut
304 2725 429 2767 passim
452 2725 478 2756 P
563 2725 666 2756 iunco
692 2724 772 2755 Bob.
793 2726 855 2757 AU
879 2725 1012 2767 aliique,
1032 2727 1140 2766 iunpo
1163 2726 1198 2763 P,
1226 2727 1322 2757 ium‘o
1339 2724 1385 2764 Ψ,
1406 2726 1488 2757 uino
1505 2726 1532 2757 Ο
1620 2729 1660 2756 31
1685 2727 1775 2765 aput

242 2788 283 2809 ex
300 2777 380 2809 Bob.
398 2777 448 2808 Ps
537 2780 577 2807 32
597 2776 817 2815 producserit
842 2776 920 2807 Bob.
1015 2781 1054 2808 33
1077 2778 1190 2817 adque
1210 2776 1306 2815 Bob.,
1326 2777 1409 2808 item
1425 2777 1450 2808 P
1465 2779 1504 2807 ut
1520 2776 1644 2817 passim
1736 2781 1776 2809 35

239 2830 362 2861 ombos
382 2826 497 2860 PSEU
517 2826 652 2868 aliique,
671 2829 794 2859 umbos
816 2827 909 2866 Bob.,
930 2830 1069 2860 eom'oos
1084 2830 1183 2867 AGT,
1205 2830 1346 2860 combus
1362 2829 1396 2866 F,
1416 2837 1532 2860 comos
1548 2828 1582 2866 L,
1604 2830 1687 2868 &pos
1704 2829 1731 2860 Ο

286 2882 432 2913 tentuta
447 2890 487 2911 ex
504 2878 599 2918 Bob.,
620 2880 763 2911 tent÷ra
779 2880 809 2911 U
898 2884 937 2911 36
954 2881 1057 2920 uolgo
1073 2881 1140 2919 PU,
1160 2880 1268 2919 uulgo
1286 2879 1380 2918 Bob.,
1401 2880 1500 2919 uulgi
1516 2878 1553 2911 Ψ
