1947 3145
691 90 926 132 SATVRA
960 89 1082 130 VIII
1595 85 1652 129 79

255 211 408 252 obuius
431 210 607 251 adsiduo
633 209 925 263 Syrophoenix
951 207 1060 248 udus
1084 218 1250 247 amomo

123 297 185 329 160
253 286 386 328 currit
412 285 640 340 Idymaeae
667 284 961 339 Syrophoenix
984 282 1123 323 incola
1145 285 1292 335 portae

255 361 437 415 hospitis
461 360 634 401 adfectu
658 360 880 400 dominum
904 371 1131 414 regemque
1156 356 1318 398 salutat

256 441 300 478 et
323 450 422 478 cum
446 436 590 477 uenali
616 435 760 489 Cyane
786 435 998 476 succincta
1022 434 1184 488 lagona.

255 511 448 553 defensor
472 512 622 565 culpae
647 511 754 552 dicit
777 511 885 551 mihi
909 515 918 530 ‘
934 510 1111 551 fecimus
1135 513 1178 549 et
1202 520 1279 548 nos

256 587 360 628 haec
382 586 580 628 iuuenes.'
649 591 750 635 esto,
774 586 923 627 desisti
948 599 1103 639 nempe
1128 597 1205 624 nec
1229 583 1342 623 ultra

124 672 186 704 165
255 662 405 704 fouisti
428 675 621 703 errorem.
692 663 819 703 breue
844 662 901 702 sit
926 661 1040 716 quod
1065 660 1249 714 turpiter
1273 657 1424 707 audes3

256 738 462 792 quaedam
487 751 585 778 cum
609 738 750 792 prima
774 742 1014 778 resecentur
1037 735 1216 777 crimina
1239 733 1378 774 barba.

257 813 432 868 indulge
457 813 630 854 ueniam
654 814 820 867 pueris:
854 813 1090 853 Lateranus
1115 811 1169 851 ad
1194 809 1290 850 illos

257 889 523 930 thermarum
547 889 698 930 calices
722 888 1012 942 inscriptaque
1037 887 1171 927 lintea
1196 885 1318 925 uadit

256 969 453 1006 maturus
476 964 586 1005 bello
610 964 839 1005 Armeniae
864 964 1096 1018 Syriaeque
1120 960 1291 1003 tuendis

123 1048 187 1082 170
256 1040 453 1080 amnibus
477 1044 520 1081 et
545 1040 693 1080 Rheno
717 1044 846 1093 atque
871 1039 1034 1080 Histro.
1105 1040 1318 1091 praestare
1344 1035 1560 1075 Neronem

257 1128 452 1156 securum
476 1115 592 1156 ualet
617 1115 721 1156 haec
744 1119 871 1155 aetas.
942 1114 1067 1154 mitte
1094 1112 1227 1160 Ostia,
1253 1111 1417 1159 Caesar,

257 1191 399 1239 mitte,
423 1190 495 1231 sed
520 1190 566 1230 in
591 1204 746 1245 magna
770 1189 961 1244 legatum
985 1201 1137 1242 quaere
1159 1186 1344 1241 popina:

259 1265 455 1306 inuenies
479 1265 624 1319 aliquo
648 1279 748 1306 011111
771 1277 1014 1319 percussore
1038 1264 1260 1311 iacentem,

257 1340 524 1395 permixtum
548 1340 695 1381 nautis
720 1344 763 1380 et
788 1339 953 1380 furibus
977 1352 1025 1379 ac
1049 1337 1259 1393 fugitiuis,

126 1424 188 1458 175
258 1416 372 1457 inter
394 1415 613 1457 carnifices
637 1420 680 1456 et
704 1415 844 1456 fabros
867 1413 1188 1468 sandapilarum

258 1496 302 1533 et
325 1491 567 1546 resupinati
589 1491 799 1532 cessantia
824 1494 1031 1544 tympana
1055 1488 1170 1544 galli.

259 1580 394 1621 aequa
417 1566 479 1607 ibi
502 1566 689 1615 libertas,
713 1565 958 1607 communia
981 1564 1146 1618 pocula,
1170 1563 1306 1603 lectus

259 1656 345 1684 non
369 1642 480 1683 alius
504 1641 716 1695 cuiquam,
742 1655 818 1682 nec
843 1654 989 1681 mensa
1013 1638 1214 1680 remotior
1236 1637 1327 1678 ulli.

261 1717 365 1772 quid
390 1717 521 1758 facias
545 1717 677 1758 talem
702 1717 888 1765 sortitus,
912 1715 1102 1764 Pontice,
1125 1714 1327 1755 seruum?

130 1803 191 1835 180
259 1806 411 1847 nempe
435 1793 478 1833 in
505 1792 698 1833 Lucanos
723 1796 799 1832 aut
824 1792 956 1831 Tusca
980 1788 1196 1845 ergastula
1220 1788 1380 1828 mittas.

261 1872 306 1909 at
330 1881 417 1916 uos,
442 1868 715 1922 Troiugenae,
740 1866 862 1907 uobis
886 1865 1118 1920 ignoscitis,
1142 1868 1186 1904 et
1211 1876 1317 1917 quae

261 1943 406 1998 turpia
430 1942 599 1984 cerdoni
624 1941 798 1983 Volesos
822 1941 1093 1993 Brutumque
1118 1938 1337 1979 decebunt.

193 2095 350 2124 159-161
374 2089 496 2122 mendo
520 2089 698 2127 laborant;
728 2099 807 2120 nam
831 2090 948 2119 contra
971 2089 1144 2129 poetarum
1168 2095 1267 2117 usum
1290 2083 1421 2116 nomini
1445 2093 1519 2115 011111
1545 2082 1663 2125 ampli·

125 2143 280 2176 fieatione
314 2142 436 2175 iterato
473 2152 600 2174 nouum
638 2141 779 2173 uerbum
817 2139 992 2177 subicitur,
1028 2138 1253 2179 Syrophoenix
1281 2137 1398 2175 currit,
1439 2135 1665 2176 Syrophoenix

125 2196 262 2227 salutat.
317 2194 458 2226 Latinae
489 2194 596 2236 poesis
627 2191 832 2224 consuetudo
868 2202 907 2222 ex
945 2190 998 2222 his
1028 2189 1110 2221 locis
1141 2188 1225 2220 disci
1256 2190 1378 2230 potest,
1412 2197 1496 2229 quos
1526 2197 1566 2218 ex
1596 2197 1665 2218 una

126 2245 274 2279 Aeneide
300 2245 396 2278 nullo
422 2245 558 2287 negotio
585 2244 713 2285 collegi,
743 2252 772 2275 11
801 2244 926 2275 318—21
956 2242 1118 2280 Panthus,
1149 2240 1302 2272 Panthus
1328 2239 1443 2278 trahit,
1472 2247 1497 2270 v
1525 2240 1587 2270 116
1610 2249 1659 2281 sq.

126 2299 313 2331 Mnestheus
339 2299 420 2338 aqit,
446 2297 642 2335 Mnestheus,
670 2297 731 2327 493
763 2305 812 2337 sq.
840 2295 1026 2326 Mnestheus
1055 2294 1274 2334 consequitur,
1299 2292 1495 2328 Mnestheus,
1521 2292 1582 2323 569
1610 2300 1660 2333 sq.

125 2351 212 2382 atter
227 2351 320 2391 Atys,
342 2351 436 2390 Atys,
457 2358 497 2380 Vl
515 2350 619 2380 162-4
636 2349 804 2379 Misenum
820 2347 947 2384 uident,
964 2347 1141 2382 Misenum,
1157 2353 1213 2376 vn
1231 2344 1357 2375 649-52
1370 2343 1513 2381 Lausus,
1529 2343 1666 2375 Lausus

124 2403 229 2440 ducit,
249 2410 290 2434 lx
306 2401 411 2434 77o-5
429 2403 560 2440 occupat
579 2399 722 2438 Crethea,
745 2399 888 2437 Crethea,
908 2406 932 2429 x
955 2398 1016 2428 180
1032 2407 1081 2438 sq.
1101 2397 1250 2436 sequitur
1270 2396 1382 2435 Astyr,
1399 2395 1512 2435 Astyr,
1532 2393 1594 2427 778
1611 2404 1661 2435 sq.

126 2453 278 2484 Antoren
293 2452 383 2493 fiyit,
409 2451 568 2482 Antoren.
618 2450 756 2481 fortasse
780 2459 867 2480 unus
890 2457 1005 2479 uersus
1028 2450 1105 2488 post
1127 2447 1189 2478 160
1211 2445 1338 2477 excidit
1425 2449 1488 2477 159
1504 2445 1596 2476 udus
1612 2442 1661 2483 Ψ,

126 2507 256 2537 unct-us
279 2505 311 2536 A
333 2503 457 2546 aliique
480 2505 514 2534 et
538 2502 618 2541 (unc
641 2501 677 2532 in
704 2501 785 2540 ras.)
809 2501 846 2538 P,
873 2500 1114 2540 Syrophoenix
1137 2522 1145 2530 .
1175 2523 1182 2530 .
1211 2523 1218 2530 .
1245 2499 1433 2538 Idymaeae
1460 2506 1525 2528 om.
1553 2497 1579 2528 F

172 2561 234 2589 160
250 2555 316 2588 del.
332 2554 481 2588 Iahnius.
520 2554 634 2585 Petrae
651 2552 859 2584 Froehnerus
947 2555 1009 2583 163
1026 2552 1115 2582 dicit
1130 2549 1176 2587 Ψ,
1198 2551 1292 2582 dicet
1308 2550 1346 2589 T,
1366 2548 1407 2580 de
1423 2550 1450 2581 P
1465 2548 1660 2589 ambigitur,

127 2609 224 2650 picet
249 2609 280 2640 G
366 2611 428 2639 166
455 2607 664 2639 resecantur
693 2606 748 2637 ΓΤ
836 2607 897 2635 167
925 2603 1108 2635 lateranus
1136 2602 1262 2639 PSGU,
1292 2602 1524 2641 damasippus
1540 2599 1578 2632 Ψ

172 2664 235 2693 168
258 2660 501 2699 inscriptaque
525 2656 572 2695 Ψ,
598 2658 802 2697 scriptaque
828 2656 863 2693 P,
893 2656 1097 2695 scriptaque
1121 2655 1168 2685 ad
1194 2654 1225 2685 A
1312 2657 1376 2685 1⁷4
1402 2654 1440 2684 et
1463 2676 1469 2684 .
1499 2676 1507 2684 .
1535 2674 1543 2682 .
1571 2660 1612 2683 ac
1640 2651 1666 2682 P

128 2711 200 2743 flor.
231 2711 332 2752 Sang.
363 2711 467 2748 AGU,
497 2710 562 2740 aut
587 2732 594 2739 .
625 2732 632 2740 .
661 2731 669 2740 .
701 2710 766 2739 aut
793 2707 903 2738 FLO'I'
1002 2710 1064 2737 175
1096 2705 1372 2744 sandapilarum,
1408 2704 1662 2740 smdaHoM,

129 2763 400 2803 sardanapallos
416 2760 569 2803 agnoseit
583 2757 612 2791 Σ
700 2763 762 2791 179
786 2759 926 2798 pontice
948 2756 1023 2795 ΡΨ,
1043 2758 1165 2796 regule
1181 2757 1251 2794 GU,
1269 2759 1451 2797 utrumque
1467 2754 1550 2796 legit
1567 2752 1667 2785 Valla

217 2819 278 2847 182
299 2815 438 2847 uolesos
453 2812 500 2852 Ψ,
517 2813 661 2844 uolusos
671 2812 708 2850 Ο,
725 2812 843 2842 uolsos
859 2811 894 2847 Ρ,
909 2818 1014 2841 uocos
1026 2809 1051 2840 F
1137 2809 1351 2848 brutumque
1363 2806 1435 2848 ΨΡ,
1452 2809 1666 2846 τιιωωιιᾳιιε

126 2866 167 2904 P,
185 2867 414 2907 rutulumque
431 2866 502 2904 GU,
521 2865 739 2904 rutilumque
756 2862 824 2894 alii.
872 2860 951 2893 uide
967 2861 1066 2902 Verg.
1087 2861 1170 2892 Aen.
1190 2868 1232 2892 111
1249 2861 1311 2892 463
1328 2869 1376 2901 sq.
