1947 3145
199 90 223 130 5
234 90 257 131 Ο
796 83 1124 126 IVVENALIS

329 204 489 260 psellus
512 204 565 245 ab
589 204 799 257 euphono.
868 200 972 254 quid
996 199 1108 253 quod
1134 211 1210 238 nec
1234 197 1343 238 retia
1368 196 1489 250 turpi

194 291 215 321 0
242 291 281 322 10
328 281 569 335 iunguntur
594 278 779 325 tunicae,
803 290 881 316 nec
904 275 1010 315 cella
1034 273 1158 328 ponit
1182 273 1327 314 eadem

329 355 599 395 munimenta
623 351 760 392 umeri
775 349 1108 404 †pulsatamque
1132 361 1249 388 arma
1274 347 1505 388 tridentem

332 430 407 484 qui
431 429 570 469 nudus
593 439 785 481 pugnare
810 425 947 466 solet?
1015 437 1113 478 pars
1138 423 1294 464 ultima
1318 421 1409 462 ludi

330 504 486 558 accipit
510 503 586 543 lias
610 502 777 541 animas
800 500 992 554 aliusque
1016 499 1062 539 in
1086 512 1249 539 carcere
1274 510 1454 547 neruos3

330 579 403 620 sed
427 578 510 619 tibi
534 589 802 618 communem
826 575 999 616 calicem
1023 574 1125 615 facit
1149 587 1257 614 uxor
1281 576 1324 613 et
1349 572 1438 613 illis

196 666 216 696 ο
243 666 281 696 15
328 668 425 695 cum
449 652 604 707 quibus
628 651 848 692 Albanum
874 649 1261 702 Surrentinumque
1286 651 1449 688 recuset

330 730 439 769 flaua
463 727 627 768 ruinosi
650 726 753 780 lupa
777 726 1001 779 degustare
1025 723 1250 778 sepulchri.

330 805 484 845 horum
508 801 697 843 consiliis
721 801 892 841 nubunt
916 800 1166 853 subitaeque
1190 797 1405 846 recedunt,

330 879 398 920 his
423 879 703 932 languentem
727 877 919 916 animum
933 874 1141 928 †seruant
1166 877 1210 914 et
1234 873 1342 913 seria
1366 872 1494 921 uitae,

261 1000 279 1028 9
309 994 477 1036 psellus‚'‘
505 994 632 1034 psiuus
664 994 690 1024 Ο
778 991 974 1032 3111111011οῤ
998 991 1081 1021 item
1112 989 1269 1028 1313111113,
1299 989 1461 1028 eupholio
1489 988 1516 1020 Ο
1604 987 1732 1028 ψελλὸσ

194 1048 254 1090 qui
281 1050 341 1086 est,
372 1047 531 1086 ἄνανδροσ
557 1044 673 1076 haberi
700 1043 795 1082 solet,
828 1043 914 1075 Plat.
943 1043 1039 1083 Gorg.
1073 1052 1104 1083 p.
1133 1041 1194 1072 485
1223 1049 1242 1072 c
1272 1041 1349 1071 ὅταν
1380 1040 1497 1079 ἀνδρὸο·
1528 1039 1648 1078 ἀκούσῃ
1678 1050 1732 1070 τισ-

195 1099 425 1140 ψελλιζομένου
449 1121 456 1130 .
485 1120 493 1129 .
522 1120 530 1128 .
559 1097 705 1136 φαίνεται
729 1119 736 1127 .
765 1119 772 1127 .
799 1119 805 1127 .
833 1095 996 1135 ἄνανδρον,
1018 1092 1142 1125 Phaed.
1162 1091 1306 1134 append.
1327 1091 1454 1123 Perott.
1475 1092 1493 1122 8
1516 1092 1535 1122 2
1557 1101 1606 1132 sq.
1623 1090 1735 1129 fracte

195 1151 351 1191 quuendo
375 1173 383 1181 .
415 1173 422 1182 .
457 1171 463 1180 .
486 1150 619 1188 famam
646 1147 778 1179 cinaedi
807 1149 954 1177 traaeerat
985 1145 1227 1182 certissimam;
1258 1143 1372 1185 itaque
1397 1142 1582 1174 contrariae
1605 1141 1733 1183 signifi-

194 1201 336 1234 cationis
373 1210 489 1232 uocem
527 1201 672 1238 εὔφωνοσ
710 1201 809 1241 poeta
847 1208 907 1239 pro
946 1198 1092 1237 ἀνδρεῒοσ
1129 1195 1277 1238 posuisse
1315 1194 1460 1226 uidetur.
1524 1194 1561 1225 in
1599 1193 1732 1225 Graecis

195 1251 366 1284 uocabulis
402 1250 608 1284 haerendum
644 1260 713 1281 non
743 1260 812 1281 esse
843 1248 994 1280 ostendit
1023 1248 1277 1279 chironomunta
1307 1255 1332 1277 v
1360 1248 1420 1277 121
1452 1245 1603 1288 positum
1691 1249 1732 1277 10

193 1306 335 1336 tunicae.
393 1302 525 1335 collatis
556 1312 633 1334 eum
663 1301 727 1333 hoc
757 1300 828 1332 loco
855 1309 883 1331 11
917 1302 977 1331 143
1003 1303 1037 1331 et
1061 1308 1133 1331 vrn
1159 1299 1221 1332 207
1247 1298 1332 1330 effici
1356 1297 1492 1329 uidetur
1518 1296 1669 1328 tunicam
1697 1296 1733 1327 in

194 1356 330 1388 retiario
347 1365 407 1398 pro
428 1354 660 1396 impudicitiae
683 1352 808 1384 indicio
830 1352 982 1383 habitam
1005 1361 1083 1391 esse,
1104 1351 1168 1382 hoc
1183 1350 1322 1382 crimine
1346 1349 1488 1381 caruisse
1513 1348 1572 1390 qui
1595 1350 1733 1380 tantum

193 1406 402 1449 subligaculo
432 1405 574 1438 indutus
601 1407 778 1447 pugnaret.
841 1403 918 1435 uide
946 1403 1046 1435 etiam
1076 1403 1233 1434 Senecam
1264 1401 1308 1433 ad
1332 1403 1372 1433 12
1402 1411 1451 1442 sq.
1479 1400 1640 1432 adlatum.
1691 1404 1733 1432 11

194 1459 377 1501 dupliciter
392 1457 540 1490 soloecus
556 1459 607 1488 est
621 1467 628 1495 ;
653 1466 761 1498 neque
777 1455 866 1487 enim
884 1457 945 1486 aut
963 1455 1088 1486 tridens
1104 1454 1305 1486 femininum
1322 1455 1372 1484 est
1388 1455 1448 1483 aut
1463 1451 1594 1484 nudum
1609 1461 1734 1483 nomen

195 1520 295 1542 arma
332 1510 379 1542 sic
416 1519 474 1551 per
512 1508 758 1550 appositionem
795 1506 934 1548 adiungi
973 1509 1092 1547 potest.
1164 1503 1379 1536 scribendum
1417 1503 1561 1535 arbitror
1594 1504 1735 1544 pulsata

194 1562 433 1602 <hasta>mquc‚
454 1559 532 1592 uide
549 1559 650 1590 Prisc.
672 1558 801 1591 G.L.1{.
820 1567 833 1590 1
855 1568 885 1599 p.
905 1559 966 1589 343
985 1557 1102 1588 lectum
1117 1559 1161 1588 est
1184 1557 1356 1587 tridenti
1378 1555 1493 1586 hasta
1516 1557 1544 1585 et
1566 1556 1639 1593 telo,
1657 1552 1733 1586 val.

196 1613 246 1645 Fl.
262 1622 275 1645 1
292 1614 352 1644 641
370 1612 511 1651 trifida
526 1610 703 1650 Neptunus
718 1611 757 1641 in
772 1610 897 1648 hasta,
916 1608 974 1640 Sil.
988 1617 1071 1639 xvn
1089 1610 1151 1639 242
1168 1608 1243 1639 telo
1265 1607 1402 1638 molitus
1418 1631 1425 1638 .
1447 1630 1453 1638 .
1476 1630 1483 1638 .
1504 1606 1677 1637 tridenti

240 1669 281 1696 12
301 1664 424 1703 nudus,
445 1661 644 1704 subligatus,
673 1660 787 1703 quales
811 1660 878 1692 fere
901 1660 938 1691 in
959 1660 1189 1691 monumentis
1208 1658 1463 1700 conspiciuntur
1482 1657 1620 1689 retiarii.
1669 1656 1734 1688 hoc

197 1715 292 1755 dicit,
313 1714 460 1747 tunicati
476 1713 603 1745 retiarii
616 1715 812 1744 contactum
826 1715 951 1743 ceteros
965 1711 1076 1752 fugere
1093 1721 1130 1742 ac
1142 1721 1184 1741 ne
1197 1710 1282 1742 retia
1298 1708 1435 1751 quidem
1446 1708 1574 1750 galeros
1587 1707 1734 1740 fuscinas

198 1777 267 1799 una
282 1766 442 1798 collocare
530 1769 570 1797 12
593 1769 633 1796 13
657 1763 864 1804 interpunxi.
916 1763 991 1794 Seu.
1012 1765 1082 1794 nat.
1103 1765 1231 1804 quaest.
1251 1770 1306 1793 VII
1325 1763 1363 1793 31
1386 1762 1404 1792 3
1426 1761 1542 1792 cotidie
1562 1760 1734 1792 commini-

197 1821 331 1858 scimur,
347 1828 409 1859 per
423 1827 507 1858 quae
522 1817 690 1848 uirilitati
698 1817 765 1856 fiat
780 1815 928 1853 iniuria,
948 1818 986 1846 ut
1001 1815 1212 1852 traducatur,
1227 1814 1310 1854 quia
1326 1823 1392 1844 nou
1403 1815 1503 1853 potest
1518 1813 1596 1844 eaeui
1607 1822 1618 1844 .·
1641 1812 1735 1844 alius

198 1871 362 1911 yenitalia
384 1869 512 1908 excidit,
540 1869 633 1899 alius
654 1868 694 1899 in
717 1867 917 1898 obscenam
933 1869 1090 1907 partem
1108 1866 1199 1897 ludi
1212 1867 1309 1906 fuqit
1332 1868 1360 1896 et
1384 1865 1508 1896 locatus
1530 1864 1575 1895 ad
1597 1867 1736 1896 mortem

199 1924 327 1963 infame
344 1924 539 1954 armaturae
557 1930 658 1961 yenus
682 1919 743 1959 (sic
766 1918 873 1950 scribo
898 1928 957 1960 pro
980 1921 1138 1949 armatur
1160 1918 1288 1958 essenus)
1313 1918 1414 1948 ctiam
1435 1917 1475 1948 in
1498 1926 1561 1957 quo
1583 1916 1735 1948 morbum

199 1985 300 2007 suum
321 1976 461 2006 exerceat
483 1973 570 2012 Zeyit.
619 1982 688 2004 non
710 1971 858 2003 alienum
881 1969 1018 2002 uidetur
1040 1971 1076 2001 in
1100 1970 1248 2001 transitu
1272 1969 1446 2000 emendare
1470 1969 1603 2001 Petron.
1630 1970 1648 2000 9
1669 1978 1737 2000 non

201 2031 290 2064 taces,
308 2027 429 2066 inquit,
454 2025 622 2065 yladiator
641 2024 774 2058 obscene,
795 2033 891 2063 quem
908 2023 947 2054 de
968 2033 1069 2054 ruma
1091 2023 1210 2061 (ruina
1232 2021 1325 2060 libri)
1347 2022 1474 2052 harena
1494 2021 1650 2052 dimisit?

245 2083 286 2111 13
302 2076 402 2116 has‚*
419 2077 502 2109 item
520 2076 662 2109 Owenus
684 2079 718 2107 et
741 2074 976 2113 Buechelerus,
995 2083 1035 2106 as
1057 2075 1084 2107 Ο
1172 2073 1369 2114 3111131111(εῇε
1393 2074 1552 2114 aliosque
1576 2074 1613 2106 Ο.
1663 2080 1735 2104 vm

202 2130 263 2163 177
281 2140 329 2171 sq.
346 2129 534 2161 communia
545 2128 672 2169 pocula,
691 2127 788 2158 lectus
809 2125 813 2167 Ι
832 2137 899 2158 non
914 2127 955 2157 al
961 2126 974 2157 i
980 2136 1024 2157 us
1039 2126 1206 2166 cuiquam,
1223 2136 1277 2156 nec
1290 2135 1403 2156 mensa
1417 2125 1572 2156 remotior
1581 2124 1650 2156 ulli

246 2191 362 2213 neruos
378 2190 467 2212 nom.
487 2180 585 2221 sing,
607 2181 647 2210 ut
662 2187 688 2210 x
705 2179 766 2209 136
782 2179 930 2218 captiuos
945 2180 978 2208 et
995 2185 1068 2208 X111
1088 2178 1129 2208 50
1148 2180 1256 2208 toruos
1277 2177 1313 2216 P,
1333 2184 1406 2208 VIII
1430 2178 1491 2207 100
1513 2186 1645 2208 aceruos
1667 2174 1736 2207 duo

202 2235 312 2264 tresue
401 2235 441 2264 15
457 2232 597 2263 recuset
615 2229 773 2268 Plattius,
792 2231 936 2261 recusat
952 2230 989 2261 Ο.
1038 2237 1105 2260 xlv
1122 2230 1183 2260 134
1206 2229 1375 2259 inuitatus
1393 2228 1438 2259 ad
1457 2228 1534 2259 haec
1554 2227 1683 2268 aliquis
1696 2226 1736 2257 de

197 2287 296 2324 ponte
318 2283 447 2323 negabit
544 2286 584 2314 18
608 2281 677 2313 c’cst
703 2284 725 2312 ὰ
748 2291 811 2312 eux
833 2280 966 2321 qu'eltes
988 2282 1146 2311 reservent
1173 2280 1208 2310 Za
1235 2281 1401 2320 lanqueur
1429 2280 1468 2310 de
1496 2279 1569 2310 leur
1598 2279 1671 2310 time
1701 2277 1734 2309 S.

204 2334 416 2373 Reinaehius‚
432 2344 494 2374 per
508 2337 625 2365 costoro
640 2333 775 2365 serbano
790 2334 805 2364 i
822 2333 979 2372 Zanyuori
994 2333 1047 2364 det
1063 2333 1131 2364 loro
1155 2333 1269 2363 animo
1291 2331 1326 2364 F.
1347 2331 1557 2368 Ramorinus,
1569 2331 1631 2371 for
1652 2329 1735 2361 these

203 2388 298 2418 alone
321 2387 395 2426 they
417 2396 537 2417 reserve
560 2385 647 2417 their
668 2388 824 2416 moments
848 2385 885 2424 of
906 2385 1010 2415 ennui
1033 2384 1071 2415 R.
1101 2383 1246 2421 Ellisius,
1272 2386 1313 2415 ut
1335 2383 1402 2414 iam
1426 2384 1587 2424 quattuor
1609 2380 1736 2422 linguis

205 2436 294 2470 nihil
310 2436 440 2469 dictum
455 2436 510 2468 sit.
559 2435 647 2467 nihil
671 2439 722 2467 est
738 2435 829 2467 enim
845 2435 950 2466 animi
966 2434 1160 2476 languorem
1177 2445 1307 2466 seruare
1323 2434 1432 2473 alteri,
1452 2443 1558 2475 neque
1573 2441 1734 2473 umquam

205 2489 362 2531 cuiquam
385 2487 529 2529 contigit
551 2490 591 2519 ut
614 2490 686 2519 tam
709 2487 912 2528 praeclaram
935 2489 1041 2518 artem
1065 2489 1331 2528 consequeretur,
1359 2485 1476 2516 beatus
1499 2494 1578 2516 sane
1601 2483 1736 2515 futurus

203 2540 360 2582 idemque
392 2539 509 2571 ceteris
535 2538 730 2570 hominibus
757 2537 1004 2570 formidulosus.
1064 2541 1200 2570 seruant
1227 2540 1287 2569 aut
1312 2537 1349 2568 in
1378 2538 1512 2568 soluunt
1540 2534 1644 2577 (quod
1670 2534 1736 2566 sibi

204 2602 336 2635 quoque
359 2591 396 2622 in
416 2593 564 2622 mentem
584 2590 714 2621 uenisse
738 2590 824 2621 mihi
847 2589 964 2621 scribit
988 2589 1194 2631 Postgatius)
1218 2592 1277 2621 aut
1301 2589 1335 2620 in
1359 2588 1509 2619 releuant
1531 2585 1735 2618 mutandum

204 2653 330 2682 cense0‚
350 2645 391 2674 ut
405 2643 459 2674 his
473 2641 645 2674 ablatiuus
666 2642 722 2679 sit,
741 2641 862 2673 horum
884 2652 967 2683 ope;
997 2652 1077 2673 nam
1100 2641 1164 2673 etsi
1187 2640 1253 2672 alio
1277 2650 1375 2672 sensu
1398 2639 1540 2678 animus,
1561 2638 1627 2670 alio
1650 2638 1735 2669 seria

203 2696 295 2728 uitae
325 2694 504 2726 soluuntur
533 2693 802 2734 rdeuanturque,
837 2692 927 2725 dixit
964 2697 1077 2724 tamen
1114 2693 1280 2724 Homerus
1311 2691 1452 2724 Latinus
1484 2691 1545 2723 685
1575 2699 1735 2730 curasque

203 2748 394 2787 animosque
424 2745 594 2777 resoluunt
621 2747 655 2776 et
686 2743 878 2785 Lygdamus
904 2744 977 2776 Tib.
1007 2753 1051 2775 111
1076 2746 1094 2776 3
1123 2746 1161 2776 21
1187 2755 1253 2775 non
1280 2744 1392 2784 opibus
1418 2745 1537 2774 mentes
1558 2741 1735 2772 hominum

203 2808 363 2840 curaeque
392 2798 550 2829 leuantur
580 2794 695 2827 eadem
725 2795 970 2837 significatione
993 2806 1059 2838 qua
1090 2795 1252 2827 Manilius
1280 2804 1318 2826 1v
1350 2796 1390 2826 12
1412 2794 1540 2832 soluite,
1566 2793 1729 2831 mortales,

202 2851 333 2882 animos
348 2857 506 2890 curasque
522 2848 628 2879 Zeuate
