1947 3145
652 733 830 775 LIBER
877 732 1126 774 TERTIVS

730 893 933 928 SATVRA
970 892 1027 927 VI
1035 892 1052 925 Ι

259 999 316 1041 Et
341 1013 435 1054 spes
459 1005 503 1041 et
528 1001 638 1041 ratio
664 1000 905 1041 studiorum
931 999 977 1039 in
1005 999 1181 1040 Caesare
1207 1003 1405 1048 tantumg

258 1075 371 1116 solus
394 1076 510 1116 enim
535 1076 682 1116 tristes
707 1076 786 1116 hac
811 1079 1065 1129 tempestate
1091 1074 1299 1115 Camenas

258 1151 457 1204 respexit,
481 1164 579 1191 cum
604 1151 691 1191 iam
714 1151 897 1191 celebres
921 1150 1098 1203 notique
1121 1154 1271 1203 poetae

257 1225 501 1266 balneolum
527 1225 687 1274 Gabiis,
712 1226 871 1266 Romae
896 1225 1128 1265 conducere
1153 1224 1301 1264 furnos

168 1310 186 1341 5
258 1305 533 1355 temptarent,
558 1314 636 1341 nec
660 1300 831 1341 foedum
855 1300 931 1340 alii
955 1313 1033 1340 nec
1057 1304 1182 1353 turpe
1206 1303 1409 1352 putarent

257 1389 480 1429 praecones
506 1376 606 1424 fieri,
629 1389 726 1416 cum
750 1375 926 1416 desertis
950 1375 1198 1429 Aganippes

258 1450 445 1491 uallibus
469 1451 658 1492 esuriens
683 1450 884 1506 migraret
909 1450 955 1490 in
981 1450 1092 1491 atria
1117 1449 1221 1490 Clio.

258 1540 371 1576 nam,
394 1526 431 1567 si
456 1526 597 1567 Pieria
620 1526 833 1580 quadrans
858 1525 940 1566 tibi
965 1525 1113 1565 nullus
1138 1524 1184 1564 in
1209 1523 1360 1564 umbra

257 1601 521 1650 ostendatur,
545 1615 659 1642 ames
684 1615 841 1642 nomen
867 1601 1120 1653 uictumque
1145 1599 1399 1640 Machaerae

147 1687 187 1718 10
256 1681 301 1718 et
324 1677 485 1718 uendas
508 1677 652 1730 potius
676 1677 899 1717 commissa
925 1675 1040 1729 quod
1064 1674 1206 1715 auctio
1230 1673 1385 1715 uendit

258 1753 488 1802 stantibus,
512 1752 815 1806 oenophorum,
840 1751 1040 1805 tripedes,
1063 1750 1251 1798 armaria,
1274 1749 1413 1798 cistas,

258 1828 491 1869 Alcithoen
517 1827 653 1876 Pacci,
678 1827 843 1867 Thebas
866 1830 909 1867 et
935 1827 1063 1866 Terea
1083 1824 1240 1865 Fausti.

258 1903 338 1944 hoc
361 1903 497 1944 satius
521 1916 651 1957 quam
675 1903 711 1943 si
735 1902 851 1942 dicas
876 1901 953 1942 sub
978 1900 1120 1941 iudice
1144 1905 1153 1920 ‘
1170 1899 1288 1940 uidi’

260 1978 373 2033 quod
396 1992 482 2019 non
506 1977 671 2026 uidisti,
695 1977 857 2018 faciant
881 1976 1044 2030 equites
1067 1975 1222 2016 Asiani

148 2065 187 2096 15
256 2052 554 2108 †quamquam
579 2057 622 2094 et
648 2051 916 2106 Cappadoces
941 2050 1104 2091 faciant
1128 2049 1376 2103 equitesque
1400 2049 1586 2104 Bithyni

259 2129 390 2170 altera
415 2142 519 2183 quos
543 2128 657 2169 nudo
683 2127 869 2168 traducit
893 2126 1048 2182 gallica
1074 2125 1171 2167 talo.

259 2218 384 2245 nemo
408 2209 555 2245 tamen
580 2203 737 2244 studiis
761 2202 995 2258 indignum
1020 2201 1129 2242 ferre
1153 2200 1342 2241 laborem

258 2283 432 2335 cogetur
453 2278 641 2333 posthac,
666 2278 803 2319 nectit
828 2278 1089 2331 quicumque
1111 2276 1278 2317 canoris

258 2354 476 2409 eloquium
501 2353 645 2394 uocale
668 2353 805 2393 modis
828 2352 1084 2406 laurumque
1108 2349 1349 2392 momordit.

146 2441 188 2472 20
256 2430 336 2471 hoc
359 2429 486 2483 agite,
510 2442 534 2469 0
558 2428 744 2469 iuuenes.
814 2426 1106 2480 circumspicit
1130 2430 1173 2467 et
1199 2425 1398 2468 stimulat
1423 2439 1501 2468 uos

188 2551 207 2579 3
224 2547 378 2579 celebres
393 2545 538 2585 notique
555 2545 652 2583 PAG,
669 2545 746 2576 noti
761 2544 984 2583 celebresque
1000 2541 1038 2573 Ψ
1126 2546 1146 2574 8
1162 2543 1289 2574 umbra
1304 2543 1402 2581 PGU,
1424 2551 1509 2575 arca
1524 2540 1563 2574 Ψ

167 2603 207 2630 11
219 2598 378 2638 tripedes
390 2598 425 2634 P,
437 2596 597 2636 tripodes
607 2594 655 2635 Ψ,
668 2596 802 2635 ripides
815 2596 840 2626 F
925 2599 966 2626 12
976 2595 1162 2626 Alcithoen
1173 2595 1210 2632 G,
1225 2595 1412 2626 Alchitoen
1422 2595 1459 2634 O,
1474 2595 1662 2627 Alcitheon

123 2651 160 2690 P,
176 2651 345 2683 Alcinoen
360 2648 527 2680 similiaue
543 2646 580 2678 Ψ
668 2648 767 2687 pacci
783 2648 818 2686 P,
833 2656 856 2687 p
869 2646 1018 2678 seruauit
1032 2647 1064 2684 S,
1081 2647 1185 2678 bachi
1196 2645 1252 2677 uel
1267 2647 1391 2678 bacchi
1407 2645 1444 2678 Ψ
1534 2650 1575 2678 15
1591 2644 1657 2677 del.

124 2702 305 2745 Pinzgerus
392 2709 460 2741 que
477 2710 540 2731 om.
562 2701 596 2738 F,
617 2702 694 2741 post
701 2700 837 2741 faciant
856 2699 971 2740 posuit
988 2698 1022 2729 F.
1044 2698 1085 2730 V.
1106 2698 1320 2738 Fiitzschius‚
1341 2698 1479 2730 meliore
1495 2698 1656 2735 oratione,

124 2754 273 2786 numeris
299 2754 360 2785 uix
384 2752 495 2784 minus
522 2751 646 2793 prauis,
672 2767 699 2782 υ
713 2767 740 2782 ψ
754 2767 782 2772 -
801 2749 805 2791 Ι
825 2767 852 2781 υ
866 2766 893 2781 υ
907 2766 936 2771 -
954 2749 958 2791 Ι
979 2766 1008 2771 -
1021 2766 1049 2771 -
1063 2760 1113 2788 -;
1144 2749 1287 2781 molosso
1311 2749 1402 2782 enim
1425 2749 1657 2781 hexametrum

124 2805 297 2838 claudenti
313 2803 485 2837 quenalis
501 2807 560 2835 aut
573 2801 845 2844 monosyllabum
858 2801 1035 2844 praeponit
1050 2804 1110 2833 aut
1122 2801 1384 2844 tetrasyllabum
1471 2805 1512 2834 16
1527 2801 1662 2841 gallica.

123 2858 248 2896 PSGU,
267 2857 379 2897 gallia
393 2854 431 2887 Ψ
520 2859 561 2887 20
578 2863 597 2887 ο
613 2864 678 2886 om.
699 2855 725 2886 P
811 2863 875 2886 uos
892 2854 983 2891 PFG,
1001 2862 1064 2886 nos
1081 2851 1118 2884 Ψ

873 2912 913 2944 63
