1947 3145
702 96 935 138 SATVRA
971 96 1068 136 XII
1591 95 1612 134 1
1625 95 1646 133 1
1659 94 1680 132 1

285 216 456 257 rectoris
480 230 576 257 cum
601 215 729 256 ferret
755 228 888 268 opem,
913 213 1102 254 decidere
1126 212 1242 253 iactu

285 293 423 347 coepit
446 306 543 333 cum
567 291 721 339 uentis,
746 291 944 330 imitatus
969 294 1142 337 castora,
1167 288 1242 342 qui
1267 301 1309 328 se

174 377 214 410 35
283 367 530 408 eunuchum
553 366 644 420 ipse
669 365 771 406 facit
796 365 970 419 cupiens
994 364 1170 405 euadere
1195 364 1350 404 damno

286 442 501 484 testiculi:
538 442 639 482 adeo
663 440 923 481 medicatum
948 440 1165 494 intellegit
1190 440 1359 494 inguen.

287 522 296 537 ‘
311 517 483 558 fundite
507 529 615 570 quae
640 528 734 555 mea
758 520 858 555 sunt
875 515 884 529 '
910 514 1078 555 dicebat
1102 514 1305 555 ‘cuncta’
1333 513 1530 555 Catullus

287 592 564 647 praecipitare
588 591 736 631 uolens
760 590 891 631 etiam
915 590 1215 644 pulcherrima,
1239 595 1403 631 uestem

287 680 546 723 purpuream
571 666 728 707 teneris
752 679 920 720 quoque
947 666 1271 707 Maecenatibus
1294 671 1453 720 aptam,

177 754 218 785 40
287 747 416 798 atque
441 742 546 783 alias
570 755 750 795 quarum
775 741 964 796 generosi
989 742 1194 796 graminis
1218 742 1359 795 ipsum

289 817 442 858 infecit
466 821 620 857 natura
643 829 782 870 pecus,
808 815 879 856 sed
904 821 946 856 et
971 816 1163 870 egregius
1188 816 1283 857 fons

290 893 459 935 uiribus
484 892 663 933 occultis
687 896 731 932 et
757 891 955 932 Baeticus
980 891 1160 932 adiuuat
1184 906 1264 933 aer.

289 968 364 1009 ille
387 981 464 1009 nec
488 972 716 1023 argentum
741 967 967 1008 dubitabat
991 967 1176 1016 mittere,
1200 967 1342 1009 lances

289 1043 525 1085 Parthenio
550 1043 696 1091 factas,
720 1055 850 1083 urnae
875 1047 1036 1083 cratera
1061 1056 1255 1096 capacem

179 1130 220 1161 45
288 1124 332 1160 et
356 1118 537 1174 dignum
562 1118 734 1159 sitiente
759 1117 894 1157 Pholo
919 1117 988 1157 uel
1011 1118 1191 1172 coniuge
1215 1118 1366 1169 Fusci3

290 1194 397 1235 adde
421 1199 464 1235 et
487 1193 719 1234 bascaudas
743 1197 786 1233 et
810 1192 929 1233 mille
953 1193 1122 1242 escaria,
1146 1193 1335 1234 multum

289 1269 453 1318 caelati,
476 1269 642 1310 biberat
666 1282 749 1322 quo
773 1268 953 1309 callidus
978 1273 1144 1322 emptor
1170 1268 1367 1323 Olynthi.

292 1344 365 1386 sed
389 1344 484 1399 quis
507 1358 623 1385 nunc
647 1344 768 1393 alius,
794 1357 877 1397 qua
901 1343 1055 1384 mundi
1079 1347 1200 1397 parte
1226 1343 1322 1397 quis
1346 1343 1474 1386 audet

290 1425 466 1475 argento
490 1419 700 1474 praeferre
724 1423 852 1472 caput
878 1418 1088 1472 rebusque
1112 1417 1327 1459 salutem?

177 1506 218 1538 50
290 1495 395 1550 [non
419 1499 592 1550 propter
615 1494 752 1535 uitam
777 1493 942 1534 faciunt
966 1493 1226 1547 patrimonia
1251 1493 1425 1548 quidam

293 1570 365 1612 sed
389 1570 500 1612 uitio
523 1569 635 1610 caeci
659 1573 833 1624 propter
855 1569 1118 1622 patrimonia
1143 1569 1332 1623 uiuunt]

292 1647 480 1687 iactatur
501 1659 644 1686 rerum
668 1644 845 1685 utilium
870 1658 968 1697 pars
992 1645 1193 1693 maxima,
1218 1644 1290 1684 sed
1314 1658 1392 1686 nec

292 1721 447 1762 damna
472 1721 628 1761 leuant.
698 1725 803 1760 tunc
827 1719 1016 1760 aduersis
1042 1720 1327 1774 urguentibus
1352 1720 1457 1762 illuc

293 1797 468 1838 reccidit
492 1801 542 1837 ut
566 1795 730 1836 malum
755 1795 863 1836 ferro
889 1795 1191 1844 summitteret,
1215 1809 1261 1836 ac
1287 1809 1330 1836 se

181 1882 223 1914 55
293 1872 480 1926 explicat
503 1876 758 1926 angustum:
795 1870 1058 1911 discriminis
1084 1870 1250 1919 ultima,
1275 1871 1447 1924 quando

293 1947 502 2002 praesidia
525 1946 759 1987 adferimus
784 1959 940 1986 nauem
966 1945 1132 1986 factura
1156 1945 1373 1987 minorem.

293 2023 308 2063 i
332 2036 448 2064 nunc
470 2027 514 2063 et
537 2021 682 2062 uentis
706 2021 895 2061 animam
919 2021 1139 2061 committe
1164 2020 1308 2062 dolato

293 2098 476 2139 confisus
499 2097 630 2152 ligno,
655 2096 805 2151 digitis
829 2110 853 2136 a
878 2100 1012 2137 morte
1036 2100 1225 2136 remotus

295 2177 499 2228 quattuor
523 2176 599 2213 aut
624 2176 799 2226 septem,
823 2171 860 2211 si
884 2171 940 2211 sit
964 2170 1187 2220 latissima,
1213 2171 1386 2223 taedae;

182 2259 224 2290 60
293 2262 394 2290 mox
417 2261 515 2289 cum
537 2247 726 2288 reticulis
750 2251 794 2287 et
817 2259 927 2300 pane
952 2252 994 2286 et
1019 2252 1171 2287 uentre
1196 2246 1372 2302 lagonae

294 2323 434 2377 accipe
459 2321 687 2364 sumendas
712 2321 758 2361 in
783 2325 1039 2375 tempestate
1063 2334 1239 2362 secures.

226 2407 266 2436 33
288 2412 367 2435 cum
390 2403 502 2434 ferret
522 2400 570 2439 Ψ,
590 2401 759 2433 comferet
781 2401 818 2438 P,
845 2401 980 2432 confert
1002 2401 1043 2437 A,
1067 2401 1242 2432 conferret
1266 2400 1325 2432 alii
1412 2406 1452 2435 36
1475 2404 1636 2435 testiculi
1658 2402 1697 2435 Ψ

160 2455 252 2488 Seru.
274 2465 384 2496 georg.
400 2463 413 2486 1
431 2455 480 2491 58,
492 2454 672 2485 testiculi*
689 2454 728 2491 A,
745 2453 890 2484 testicul
906 2453 940 2489 P,
954 2453 1201 2485 testiculorum
1216 2452 1275 2484 alii
1363 2458 1403 2486 38
1419 2456 1542 2487 uolens
1559 2465 1623 2487 om.
1637 2456 1695 2488 PA

247 2511 290 2539 44
305 2506 514 2538 Parthenios
530 2506 581 2536 PS
662 2508 703 2536 46
722 2505 921 2535 bascaudas
937 2505 1030 2542 LO'I',
1050 2505 1251 2536 uascaudas
1267 2506 1323 2537 PG
1339 2508 1372 2536 et
1388 2516 1429 2538 ex
1445 2517 1527 2539 corr.
1547 2508 1587 2545 U,
1604 2516 1695 2539 mas-

158 2560 294 2591 caudas
305 2559 357 2590 Ps
370 2560 404 2589 et
416 2567 457 2588 ex
468 2566 551 2588 corr.
565 2557 597 2588 A
673 2557 811 2588 escaria
822 2556 948 2593 PFGU,
964 2557 1115 2587 esclaria
1126 2557 1166 2594 A,
1183 2557 1314 2588 escalia
1325 2557 1410 2590 Lo'r
1487 2563 1528 2591 47
1545 2560 1695 2592 callidus

160 2610 208 2650 Ψ,
228 2611 384 2651 pallidus
403 2610 461 2641 PA
555 2612 596 2640 48
614 2609 692 2648 quis
708 2617 800 2639 nunc
816 2608 912 2646 PAG,
934 2607 1019 2647 quid
1039 2616 1132 2639 nunc
1146 2609 1189 2646 U,
1208 2617 1301 2640 nunc
1317 2610 1396 2649 quis
1413 2608 1450 2641 Ψ
1547 2615 1587 2643 50
1604 2614 1638 2642 et
1655 2615 1696 2643 51

160 2661 224 2694 del.
246 2661 421 2693 Bentleius
510 2664 551 2691 54
565 2660 712 2691 reccidit
728 2660 820 2695 FLU,
838 2659 965 2690 recidit
981 2659 1134 2696 PSAGO,
1154 2660 1286 2692 decidit
1302 2661 1330 2692 Τ
1345 2660 1470 2703 aliique
1559 2671 1601 2694 ac
1616 2661 1691 2702 ΡΨ,

159 2714 227 2746 hac
237 2714 263 2746 1.
272 2712 406 2755 aliique,
418 2710 509 2754 quod
519 2710 716 2742 aduerbium
730 2709 819 2752 apud
834 2709 1029 2741 quenalem
1041 2721 1109 2741 non
1120 2710 1244 2752 legitur
1311 2716 1350 2744 59
1363 2714 1493 2745 taedae
1509 2714 1570 2752 PS,
1587 2715 1696 2746 taeda

161 2764 200 2796 Ψ
265 2769 306 2797 61
320 2764 470 2805 accipe*,
482 2764 600 2803 aspice
611 2761 685 2800 ΡΨ,
701 2761 791 2803 quod
804 2772 862 2803 pro
873 2762 951 2793 uide
961 2761 1126 2802 siuepara
1136 2772 1204 2793 non
1214 2763 1321 2804 magis
1331 2762 1457 2796 dicitur
1467 2775 1568 2807 quam
1579 2765 1694 2797 eodem

160 2825 261 2847 sensu
273 2817 407 2857 βλέπειν
423 2826 483 2858 pro
500 2816 584 2855 ὁρᾶν,
599 2814 718 2854 respice
732 2813 881 2852 Iahnius,
897 2813 1009 2854 aptius
1021 2812 1158 2845 uidetur
1163 2816 1320 2854 fflospice.
1360 2815 1438 2848 uide
1452 2816 1551 2849 Ouid.
1565 2819 1644 2849 met.
1656 2825 1695 2849 VI

160 2867 222 2898 591
240 2868 358 2908 acecpit
373 2877 481 2898 arma.
530 2866 653 2905 accipio
669 2868 704 2896 et
719 2866 850 2905 aspicio,
865 2865 1012 2905 percipio
1029 2867 1063 2897 et
1072 2867 1235 2906 perspicio
1251 2866 1374 2908 passim
1390 2870 1643 2900 commutantur
