<?xml version="1.0" encoding="UTF-8"?>
<!DOCTYPE html PUBLIC "-//W3C//DTD XHTML 1.0 Transitional//EN"
    "http://www.w3.org/TR/xhtml1/DTD/xhtml1-transitional.dtd">
<html xmlns="http://www.w3.org/1999/xhtml" xml:lang="en" lang="en">
 <head>
  <title>
</title>
<meta http-equiv="Content-Type" content="text/html;charset=utf-8" />
  <meta name='ocr-system' content='tesseract 3.04.00' />
  <meta name='ocr-capabilities' content='ocr_page ocr_carea ocr_par ocr_line ocrx_word'/>
</head>
<body>
  <div class='ocr_page' id='page_1' title='image "./saturaeeditorumi00juveuoft_0161.png"; bbox 0 0 1947 3145; ppageno 0'>
   <div class='ocr_carea' id='block_1_1' title="bbox 193 517 255 548">
    <p class='ocr_par' dir='ltr' id='par_1_1' title="bbox 193 517 255 548">
     <span class='ocr_line' id='line_1_1' title="bbox 193 517 255 548; baseline 0.016 -1"><span class='ocrx_word' id='word_1_1' title='bbox 193 517 255 548; x_wconf 93' lang='grc'>110</span> 
     </span>
    </p>
   </div>
   <div class='ocr_carea' id='block_1_2' title="bbox 192 893 254 923">
    <p class='ocr_par' dir='ltr' id='par_1_2' title="bbox 192 893 254 923">
     <span class='ocr_line' id='line_1_2' title="bbox 192 893 254 923; baseline 0 0"><span class='ocrx_word' id='word_1_2' title='bbox 192 893 254 923; x_wconf 87' lang='grc'>115</span> 
     </span>
    </p>
   </div>
   <div class='ocr_carea' id='block_1_3' title="bbox 195 1272 258 1303">
    <p class='ocr_par' dir='ltr' id='par_1_3' title="bbox 195 1272 258 1303">
     <span class='ocr_line' id='line_1_3' title="bbox 195 1272 258 1303; baseline 0.032 -2"><span class='ocrx_word' id='word_1_3' title='bbox 195 1272 258 1303; x_wconf 89' lang='grc'>120</span> 
     </span>
    </p>
   </div>
   <div class='ocr_carea' id='block_1_4' title="bbox 199 1647 259 1681">
    <p class='ocr_par' dir='ltr' id='par_1_4' title="bbox 199 1647 259 1681">
     <span class='ocr_line' id='line_1_4' title="bbox 199 1647 259 1681; baseline 0.067 -4"><span class='ocrx_word' id='word_1_4' title='bbox 199 1647 259 1681; x_wconf 85' lang='grc'>125</span> 
     </span>
    </p>
   </div>
   <div class='ocr_carea' id='block_1_5' title="bbox 198 2023 260 2054">
    <p class='ocr_par' dir='ltr' id='par_1_5' title="bbox 198 2023 260 2054">
     <span class='ocr_line' id='line_1_5' title="bbox 198 2023 260 2054; baseline 0 0"><span class='ocrx_word' id='word_1_5' title='bbox 198 2023 260 2054; x_wconf 85' lang='grc'>130</span> 
     </span>
    </p>
   </div>
   <div class='ocr_carea' id='block_1_6' title="bbox 199 2401 262 2432">
    <p class='ocr_par' dir='ltr' id='par_1_6' title="bbox 199 2401 262 2432">
     <span class='ocr_line' id='line_1_6' title="bbox 199 2401 262 2432; baseline 0 0"><span class='ocrx_word' id='word_1_6' title='bbox 199 2401 262 2432; x_wconf 88' lang='grc'>135</span> 
     </span>
    </p>
   </div>
   <div class='ocr_carea' id='block_1_7' title="bbox 760 87 1720 130">
    <p class='ocr_par' dir='ltr' id='par_1_7' title="bbox 760 87 1720 130">
     <span class='ocr_line' id='line_1_7' title="bbox 760 87 1720 130; baseline -0.002 0"><span class='ocrx_word' id='word_1_7' title='bbox 760 89 995 130; x_wconf 83' lang='lat' dir='ltr'><strong>SATVRA</strong></span> <span class='ocrx_word' id='word_1_8' title='bbox 1031 89 1155 130; x_wconf 90' lang='lat' dir='ltr'>XIII</span> <span class='ocrx_word' id='word_1_9' title='bbox 1630 89 1652 128; x_wconf 90' lang='lat'>1</span> <span class='ocrx_word' id='word_1_10' title='bbox 1664 88 1686 128; x_wconf 87' lang='lat'>1</span> <span class='ocrx_word' id='word_1_11' title='bbox 1696 87 1720 128; x_wconf 89' lang='grc'>9</span> 
     </span>
    </p>
   </div>
   <div class='ocr_carea' id='block_1_8' title="bbox 324 206 1616 2593">
    <p class='ocr_par' dir='ltr' id='par_1_8' title="bbox 324 206 1616 1240">
     <span class='ocr_line' id='line_1_8' title="bbox 324 206 1404 262; baseline -0.003 -13"><span class='ocrx_word' id='word_1_12' title='bbox 324 207 384 249; x_wconf 90' lang='lat' dir='ltr'>sic</span> <span class='ocrx_word' id='word_1_13' title='bbox 406 207 600 249; x_wconf 88' lang='lat' dir='ltr'>animum</span> <span class='ocrx_word' id='word_1_14' title='bbox 624 208 740 249; x_wconf 85' lang='lat' dir='ltr'>dirae</span> <span class='ocrx_word' id='word_1_15' title='bbox 766 208 980 262; x_wconf 87' lang='lat' dir='ltr'>trepidum</span> <span class='ocrx_word' id='word_1_16' title='bbox 1004 207 1230 248; x_wconf 88' lang='lat' dir='ltr'>formidine</span> <span class='ocrx_word' id='word_1_17' title='bbox 1255 206 1404 260; x_wconf 89' lang='lat' dir='ltr'>culpae</span> 
     </span>
     <span class='ocr_line' id='line_1_9' title="bbox 324 283 1432 333; baseline -0.001 -10"><span class='ocrx_word' id='word_1_18' title='bbox 324 284 561 333; x_wconf 89' lang='lat' dir='ltr'>confirmat,</span> <span class='ocrx_word' id='word_1_19' title='bbox 585 288 691 325; x_wconf 91' lang='lat' dir='ltr'>tunc</span> <span class='ocrx_word' id='word_1_20' title='bbox 716 289 758 325; x_wconf 89' lang='lat' dir='ltr'>te</span> <span class='ocrx_word' id='word_1_21' title='bbox 783 297 900 325; x_wconf 86' lang='lat' dir='ltr'>sacra</span> <span class='ocrx_word' id='word_1_22' title='bbox 925 283 979 324; x_wconf 92' lang='lat' dir='ltr'>ad</span> <span class='ocrx_word' id='word_1_23' title='bbox 1005 283 1179 324; x_wconf 86' lang='lat' dir='ltr'>delubra</span> <span class='ocrx_word' id='word_1_24' title='bbox 1206 286 1432 323; x_wconf 87' lang='lat' dir='ltr'>uocantem</span> 
     </span>
     <span class='ocr_line' id='line_1_10' title="bbox 326 359 1497 412; baseline -0.001 -13"><span class='ocrx_word' id='word_1_25' title='bbox 326 359 555 412; x_wconf 88' lang='lat' dir='ltr'>praecedit,</span> <span class='ocrx_word' id='word_1_26' title='bbox 578 359 745 400; x_wconf 88' lang='lat' dir='ltr'>trahere</span> <span class='ocrx_word' id='word_1_27' title='bbox 769 359 901 400; x_wconf 88' lang='lat' dir='ltr'>immo</span> <span class='ocrx_word' id='word_1_28' title='bbox 925 359 1039 400; x_wconf 90' lang='lat' dir='ltr'>ultro</span> <span class='ocrx_word' id='word_1_29' title='bbox 1063 373 1111 400; x_wconf 89' lang='lat' dir='ltr'>ac</span> <span class='ocrx_word' id='word_1_30' title='bbox 1135 372 1288 399; x_wconf 85' lang='lat' dir='ltr'>uexare</span> <span class='ocrx_word' id='word_1_31' title='bbox 1311 361 1497 411; x_wconf 88' lang='lat' dir='ltr'>paratus.</span> 
     </span>
     <span class='ocr_line' id='line_1_11' title="bbox 327 433 1482 489; baseline -0.001 -15"><span class='ocrx_word' id='word_1_32' title='bbox 327 448 428 474; x_wconf 87' lang='lat' dir='ltr'>nam</span> <span class='ocrx_word' id='word_1_33' title='bbox 451 448 550 475; x_wconf 90' lang='lat' dir='ltr'>cum</span> <span class='ocrx_word' id='word_1_34' title='bbox 574 448 728 489; x_wconf 85' lang='lat' dir='ltr'>magna</span> <span class='ocrx_word' id='word_1_35' title='bbox 752 434 890 475; x_wconf 84' lang='lat' dir='ltr'>malae</span> <span class='ocrx_word' id='word_1_36' title='bbox 915 438 1105 488; x_wconf 91' lang='lat' dir='ltr'>superest</span> <span class='ocrx_word' id='word_1_37' title='bbox 1130 433 1308 474; x_wconf 86' lang='lat' dir='ltr'>audacia</span> <span class='ocrx_word' id='word_1_38' title='bbox 1332 446 1482 473; x_wconf 89' lang='lat' dir='ltr'>causae</span> 
     </span>
     <span class='ocr_line' id='line_1_12' title="bbox 324 507 1387 563; baseline 0 -15"><span class='ocrx_word' id='word_1_39' title='bbox 324 508 514 549; x_wconf 87' lang='lat' dir='ltr'>creditur</span> <span class='ocrx_word' id='word_1_40' title='bbox 538 523 562 549; x_wconf 91' lang='lat' dir='ltr'>a</span> <span class='ocrx_word' id='word_1_41' title='bbox 586 508 738 549; x_wconf 91' lang='lat' dir='ltr'>multis</span> <span class='ocrx_word' id='word_1_42' title='bbox 763 509 926 550; x_wconf 88' lang='lat' dir='ltr'>fiducia.</span> <span class='ocrx_word' id='word_1_43' title='bbox 990 509 1174 549; x_wconf 87' lang='lat' dir='ltr'>mimum</span> <span class='ocrx_word' id='word_1_44' title='bbox 1198 508 1290 563; x_wconf 89' lang='lat' dir='ltr'>agit</span> <span class='ocrx_word' id='word_1_45' title='bbox 1314 507 1387 548; x_wconf 85' lang='lat' dir='ltr'>ille</span> 
     </span>
     <span class='ocr_line' id='line_1_13' title="bbox 330 583 1304 638; baseline 0.002 -15"><span class='ocrx_word' id='word_1_46' title='bbox 330 583 485 624; x_wconf 86' lang='lat' dir='ltr'>urbani</span> <span class='ocrx_word' id='word_1_47' title='bbox 509 583 679 638; x_wconf 88' lang='lat' dir='ltr'>qualem</span> <span class='ocrx_word' id='word_1_48' title='bbox 704 583 920 638; x_wconf 84' lang='lat' dir='ltr'>fugitiuus</span> <span class='ocrx_word' id='word_1_49' title='bbox 944 598 1090 625; x_wconf 88' lang='lat' dir='ltr'>scurra</span> <span class='ocrx_word' id='word_1_50' title='bbox 1116 583 1304 625; x_wconf 86' lang='lat' dir='ltr'>Catulli:</span> 
     </span>
     <span class='ocr_line' id='line_1_14' title="bbox 328 658 1438 713; baseline 0 -14"><span class='ocrx_word' id='word_1_51' title='bbox 328 662 379 699; x_wconf 93' lang='lat' dir='ltr'>tu</span> <span class='ocrx_word' id='word_1_52' title='bbox 402 658 530 700; x_wconf 89' lang='lat' dir='ltr'>miser</span> <span class='ocrx_word' id='word_1_53' title='bbox 553 659 776 708; x_wconf 80' lang='lat' dir='ltr'>exclamas,</span> <span class='ocrx_word' id='word_1_54' title='bbox 801 663 852 700; x_wconf 89' lang='lat' dir='ltr'>ut</span> <span class='ocrx_word' id='word_1_55' title='bbox 876 659 1073 700; x_wconf 72' lang='lat' dir='ltr'>Stentora</span> <span class='ocrx_word' id='word_1_56' title='bbox 1097 659 1267 700; x_wconf 89' lang='lat' dir='ltr'>uincere</span> <span class='ocrx_word' id='word_1_57' title='bbox 1291 659 1438 713; x_wconf 90' lang='lat' dir='ltr'>possis,</span> 
     </span>
     <span class='ocr_line' id='line_1_15' title="bbox 327 733 1512 788; baseline -0.001 -14"><span class='ocrx_word' id='word_1_58' title='bbox 327 733 397 774; x_wconf 91' lang='lat' dir='ltr'>uel</span> <span class='ocrx_word' id='word_1_59' title='bbox 419 733 562 787; x_wconf 90' lang='lat' dir='ltr'>potius</span> <span class='ocrx_word' id='word_1_60' title='bbox 586 739 798 788; x_wconf 89' lang='lat' dir='ltr'>quantum</span> <span class='ocrx_word' id='word_1_61' title='bbox 824 733 1041 775; x_wconf 85' lang='lat' dir='ltr'>Gradiuus</span> <span class='ocrx_word' id='word_1_62' title='bbox 1066 734 1328 783; x_wconf 77' lang='lat' dir='ltr'>Homericus,</span> <span class='ocrx_word' id='word_1_63' title='bbox 1352 737 1362 754; x_wconf 96' lang='lat'>‘</span> <span class='ocrx_word' id='word_1_64' title='bbox 1377 733 1512 781; x_wconf 86' lang='lat' dir='ltr'>audis,</span> 
     </span>
     <span class='ocr_line' id='line_1_16' title="bbox 327 807 1576 863; baseline 0.001 -15"><span class='ocrx_word' id='word_1_65' title='bbox 327 807 538 863; x_wconf 88' lang='lat' dir='ltr'>Iuppiter,</span> <span class='ocrx_word' id='word_1_66' title='bbox 561 809 664 850; x_wconf 89' lang='lat' dir='ltr'>haec</span> <span class='ocrx_word' id='word_1_67' title='bbox 687 823 763 850; x_wconf 91' lang='lat' dir='ltr'>nec</span> <span class='ocrx_word' id='word_1_68' title='bbox 787 809 908 850; x_wconf 87' lang='lat' dir='ltr'>labra</span> <span class='ocrx_word' id='word_1_69' title='bbox 932 823 1086 858; x_wconf 89' lang='lat' dir='ltr'>moues,</span> <span class='ocrx_word' id='word_1_70' title='bbox 1111 823 1209 850; x_wconf 92' lang='lat' dir='ltr'>cum</span> <span class='ocrx_word' id='word_1_71' title='bbox 1234 809 1406 850; x_wconf 90' lang='lat' dir='ltr'>mittere</span> <span class='ocrx_word' id='word_1_72' title='bbox 1430 821 1576 850; x_wconf 86' lang='lat' dir='ltr'>uocem</span> 
     </span>
     <span class='ocr_line' id='line_1_17' title="bbox 325 883 1443 925; baseline 0 -1"><span class='ocrx_word' id='word_1_73' title='bbox 325 883 519 925; x_wconf 82' lang='lat' dir='ltr'>debueris</span> <span class='ocrx_word' id='word_1_74' title='bbox 543 884 612 924; x_wconf 90' lang='lat' dir='ltr'>uel</span> <span class='ocrx_word' id='word_1_75' title='bbox 636 897 894 925; x_wconf 87' lang='lat' dir='ltr'>marmoreus</span> <span class='ocrx_word' id='word_1_76' title='bbox 919 884 988 925; x_wconf 92' lang='lat' dir='ltr'>uel</span> <span class='ocrx_word' id='word_1_77' title='bbox 1013 886 1199 925; x_wconf 74' lang='lat' dir='ltr'>aeneus?</span> <span class='ocrx_word' id='word_1_78' title='bbox 1269 888 1345 925; x_wconf 85' lang='lat' dir='ltr'>aut</span> <span class='ocrx_word' id='word_1_79' title='bbox 1368 897 1443 924; x_wconf 84' lang='lat' dir='ltr'>cur</span> 
     </span>
     <span class='ocr_line' id='line_1_18' title="bbox 329 958 1233 1013; baseline 0 -14"><span class='ocrx_word' id='word_1_80' title='bbox 329 959 375 999; x_wconf 90' lang='lat' dir='ltr'>in</span> <span class='ocrx_word' id='word_1_81' title='bbox 399 959 578 1000; x_wconf 80' lang='lat' dir='ltr'>carbone</span> <span class='ocrx_word' id='word_1_82' title='bbox 604 964 680 1000; x_wconf 90' lang='lat' dir='ltr'>tuo</span> <span class='ocrx_word' id='word_1_83' title='bbox 704 959 853 1000; x_wconf 87' lang='lat' dir='ltr'>charta</span> <span class='ocrx_word' id='word_1_84' title='bbox 877 959 948 1013; x_wconf 89' lang='lat' dir='ltr'>pia</span> <span class='ocrx_word' id='word_1_85' title='bbox 973 964 1069 1000; x_wconf 89' lang='lat' dir='ltr'>tura</span> <span class='ocrx_word' id='word_1_86' title='bbox 1094 958 1233 1000; x_wconf 89' lang='lat' dir='ltr'>soluta</span> 
     </span>
     <span class='ocr_line' id='line_1_19' title="bbox 328 1033 1421 1088; baseline -0.001 -13"><span class='ocrx_word' id='word_1_87' title='bbox 328 1034 528 1088; x_wconf 80' lang='lat' dir='ltr'>ponimus</span> <span class='ocrx_word' id='word_1_88' title='bbox 551 1038 595 1075; x_wconf 92' lang='lat' dir='ltr'>et</span> <span class='ocrx_word' id='word_1_89' title='bbox 619 1038 782 1075; x_wconf 90' lang='lat' dir='ltr'>sectum</span> <span class='ocrx_word' id='word_1_90' title='bbox 807 1033 940 1074; x_wconf 88' lang='lat' dir='ltr'>uituli</span> <span class='ocrx_word' id='word_1_91' title='bbox 966 1034 1080 1075; x_wconf 87' lang='lat' dir='ltr'>iecur</span> <span class='ocrx_word' id='word_1_92' title='bbox 1104 1033 1283 1087; x_wconf 89' lang='lat' dir='ltr'>albaque</span> <span class='ocrx_word' id='word_1_93' title='bbox 1308 1034 1421 1087; x_wconf 87' lang='lat' dir='ltr'>porci</span> 
     </span>
     <span class='ocr_line' id='line_1_20' title="bbox 329 1108 1616 1158; baseline -0.001 -8"><span class='ocrx_word' id='word_1_94' title='bbox 329 1111 534 1150; x_wconf 78' lang='lat' dir='ltr'>omenta?</span> <span class='ocrx_word' id='word_1_95' title='bbox 603 1114 653 1151; x_wconf 92' lang='lat' dir='ltr'>ut</span> <span class='ocrx_word' id='word_1_96' title='bbox 678 1109 815 1158; x_wconf 90' lang='lat' dir='ltr'>uideo,</span> <span class='ocrx_word' id='word_1_97' title='bbox 839 1109 1008 1149; x_wconf 91' lang='lat' dir='ltr'>nullum</span> <span class='ocrx_word' id='word_1_98' title='bbox 1033 1109 1260 1149; x_wconf 84' lang='lat' dir='ltr'>discrimen</span> <span class='ocrx_word' id='word_1_99' title='bbox 1285 1108 1528 1150; x_wconf 90' lang='lat' dir='ltr'>habendum</span> <span class='ocrx_word' id='word_1_100' title='bbox 1552 1113 1616 1150; x_wconf 90' lang='lat' dir='ltr'>est</span> 
     </span>
     <span class='ocr_line' id='line_1_21' title="bbox 328 1183 1326 1240; baseline 0.001 -15"><span class='ocrx_word' id='word_1_101' title='bbox 328 1184 485 1240; x_wconf 88' lang='lat' dir='ltr'>effigies</span> <span class='ocrx_word' id='word_1_102' title='bbox 504 1184 618 1225; x_wconf 90' lang='lat' dir='ltr'>inter</span> <span class='ocrx_word' id='word_1_103' title='bbox 641 1188 807 1225; x_wconf 85' lang='lat' dir='ltr'>uestras</span> <span class='ocrx_word' id='word_1_104' title='bbox 832 1188 1106 1238; x_wconf 70' lang='lat' dir='ltr'>statuamque</span> <span class='ocrx_word' id='word_1_105' title='bbox 1131 1183 1326 1238; x_wconf 87' lang='lat' dir='ltr'>Vagelli.&#39;</span> 
     </span>
    </p>

    <p class='ocr_par' dir='ltr' id='par_1_9' title="bbox 329 1259 1566 2593">
     <span class='ocr_line' id='line_1_22' title="bbox 393 1259 1315 1313; baseline 0 -13"><span class='ocrx_word' id='word_1_106' title='bbox 393 1259 534 1313; x_wconf 84' lang='lat' dir='ltr'>accipe</span> <span class='ocrx_word' id='word_1_107' title='bbox 560 1272 667 1313; x_wconf 88' lang='lat' dir='ltr'>quae</span> <span class='ocrx_word' id='word_1_108' title='bbox 691 1263 838 1300; x_wconf 89' lang='lat' dir='ltr'>contra</span> <span class='ocrx_word' id='word_1_109' title='bbox 862 1260 1005 1300; x_wconf 87' lang='lat' dir='ltr'>ualeat</span> <span class='ocrx_word' id='word_1_110' title='bbox 1029 1259 1183 1300; x_wconf 89' lang='lat' dir='ltr'>solacia</span> <span class='ocrx_word' id='word_1_111' title='bbox 1207 1259 1315 1300; x_wconf 84' lang='lat' dir='ltr'>ferre</span> 
     </span>
     <span class='ocr_line' id='line_1_23' title="bbox 329 1334 1381 1389; baseline -0.003 -12"><span class='ocrx_word' id='word_1_112' title='bbox 329 1343 373 1377; x_wconf 89' lang='grc'>013</span> <span class='ocrx_word' id='word_1_113' title='bbox 397 1335 472 1389; x_wconf 90' lang='lat' dir='ltr'>qui</span> <span class='ocrx_word' id='word_1_114' title='bbox 496 1348 573 1375; x_wconf 93' lang='lat' dir='ltr'>nec</span> <span class='ocrx_word' id='word_1_115' title='bbox 597 1335 766 1388; x_wconf 84' lang='lat' dir='ltr'>cynicos</span> <span class='ocrx_word' id='word_1_116' title='bbox 791 1348 869 1376; x_wconf 93' lang='lat' dir='ltr'>nec</span> <span class='ocrx_word' id='word_1_117' title='bbox 893 1335 1026 1376; x_wconf 90' lang='lat' dir='ltr'>stoica</span> <span class='ocrx_word' id='word_1_118' title='bbox 1050 1335 1250 1389; x_wconf 81' lang='lat' dir='ltr'>dogmata</span> <span class='ocrx_word' id='word_1_119' title='bbox 1275 1334 1381 1389; x_wconf 89' lang='lat' dir='ltr'>legit</span> 
     </span>
     <span class='ocr_line' id='line_1_24' title="bbox 329 1409 1325 1465; baseline 0 -15"><span class='ocrx_word' id='word_1_120' title='bbox 329 1424 354 1450; x_wconf 87' lang='lat' dir='ltr'>a</span> <span class='ocrx_word' id='word_1_121' title='bbox 378 1409 539 1465; x_wconf 85' lang='lat' dir='ltr'>cynicis</span> <span class='ocrx_word' id='word_1_122' title='bbox 564 1409 712 1450; x_wconf 88' lang='lat' dir='ltr'>tunica</span> <span class='ocrx_word' id='word_1_123' title='bbox 737 1409 958 1458; x_wconf 86' lang='lat' dir='ltr'>distantia,</span> <span class='ocrx_word' id='word_1_124' title='bbox 981 1423 1065 1449; x_wconf 91' lang='lat' dir='ltr'>non</span> <span class='ocrx_word' id='word_1_125' title='bbox 1090 1409 1325 1463; x_wconf 86' lang='lat' dir='ltr'>Epicurum</span> 
     </span>
     <span class='ocr_line' id='line_1_25' title="bbox 331 1484 1312 1540; baseline -0.002 -13"><span class='ocrx_word' id='word_1_126' title='bbox 331 1485 511 1540; x_wconf 87' lang='lat' dir='ltr'>suspicit</span> <span class='ocrx_word' id='word_1_127' title='bbox 535 1485 682 1540; x_wconf 84' lang='lat' dir='ltr'>exigui</span> <span class='ocrx_word' id='word_1_128' title='bbox 706 1484 869 1526; x_wconf 86' lang='lat' dir='ltr'>laetum</span> <span class='ocrx_word' id='word_1_129' title='bbox 895 1484 1165 1539; x_wconf 79' lang='lat' dir='ltr'>plantaribus</span> <span class='ocrx_word' id='word_1_130' title='bbox 1189 1485 1312 1525; x_wconf 86' lang='lat' dir='ltr'>horti.</span> 
     </span>
     <span class='ocr_line' id='line_1_26' title="bbox 329 1560 1295 1614; baseline -0.002 -12"><span class='ocrx_word' id='word_1_131' title='bbox 329 1565 536 1602; x_wconf 86' lang='lat' dir='ltr'>curentur</span> <span class='ocrx_word' id='word_1_132' title='bbox 560 1560 680 1601; x_wconf 90' lang='lat' dir='ltr'>dubii</span> <span class='ocrx_word' id='word_1_133' title='bbox 704 1560 877 1601; x_wconf 86' lang='lat' dir='ltr'>medicis</span> <span class='ocrx_word' id='word_1_134' title='bbox 901 1560 1132 1601; x_wconf 88' lang='lat' dir='ltr'>maioribus</span> <span class='ocrx_word' id='word_1_135' title='bbox 1156 1560 1295 1614; x_wconf 81' lang='lat' dir='ltr'>aegri:</span> 
     </span>
     <span class='ocr_line' id='line_1_27' title="bbox 329 1635 1366 1690; baseline -0.003 -12"><span class='ocrx_word' id='word_1_136' title='bbox 329 1641 380 1678; x_wconf 88' lang='lat' dir='ltr'>tu</span> <span class='ocrx_word' id='word_1_137' title='bbox 403 1650 558 1678; x_wconf 89' lang='lat' dir='ltr'>uenam</span> <span class='ocrx_word' id='word_1_138' title='bbox 583 1636 653 1677; x_wconf 89' lang='lat' dir='ltr'>uel</span> <span class='ocrx_word' id='word_1_139' title='bbox 677 1635 886 1690; x_wconf 91' lang='lat' dir='ltr'>discipulo</span> <span class='ocrx_word' id='word_1_140' title='bbox 911 1636 1133 1676; x_wconf 89' lang='lat' dir='ltr'>committe</span> <span class='ocrx_word' id='word_1_141' title='bbox 1159 1635 1366 1690; x_wconf 85' lang='lat' dir='ltr'>Philippi.</span> 
     </span>
     <span class='ocr_line' id='line_1_28' title="bbox 332 1710 1369 1753; baseline -0.003 0"><span class='ocrx_word' id='word_1_142' title='bbox 332 1712 369 1753; x_wconf 91' lang='lat' dir='ltr'>si</span> <span class='ocrx_word' id='word_1_143' title='bbox 393 1711 565 1752; x_wconf 90' lang='lat' dir='ltr'>nullum</span> <span class='ocrx_word' id='word_1_144' title='bbox 590 1711 636 1752; x_wconf 89' lang='lat' dir='ltr'>in</span> <span class='ocrx_word' id='word_1_145' title='bbox 661 1711 786 1752; x_wconf 88' lang='lat' dir='ltr'>terris</span> <span class='ocrx_word' id='word_1_146' title='bbox 811 1715 900 1752; x_wconf 88' lang='lat' dir='ltr'>tam</span> <span class='ocrx_word' id='word_1_147' title='bbox 925 1710 1180 1752; x_wconf 89' lang='lat' dir='ltr'>detestabile</span> <span class='ocrx_word' id='word_1_148' title='bbox 1205 1710 1369 1751; x_wconf 84' lang='lat' dir='ltr'>factum</span> 
     </span>
     <span class='ocr_line' id='line_1_29' title="bbox 330 1786 1329 1840; baseline -0.001 -13"><span class='ocrx_word' id='word_1_149' title='bbox 330 1786 531 1835; x_wconf 90' lang='lat' dir='ltr'>ostendis,</span> <span class='ocrx_word' id='word_1_150' title='bbox 556 1791 686 1835; x_wconf 88' lang='lat' dir='ltr'>taceo,</span> <span class='ocrx_word' id='word_1_151' title='bbox 710 1800 786 1827; x_wconf 91' lang='lat' dir='ltr'>nec</span> <span class='ocrx_word' id='word_1_152' title='bbox 809 1786 965 1840; x_wconf 84' lang='lat' dir='ltr'>pugnis</span> <span class='ocrx_word' id='word_1_153' title='bbox 988 1786 1158 1826; x_wconf 90' lang='lat' dir='ltr'>caedere</span> <span class='ocrx_word' id='word_1_154' title='bbox 1182 1790 1329 1839; x_wconf 88' lang='lat' dir='ltr'>pectus</span> 
     </span>
     <span class='ocr_line' id='line_1_30' title="bbox 332 1861 1392 1916; baseline -0.003 -12"><span class='ocrx_word' id='word_1_155' title='bbox 332 1867 375 1904; x_wconf 86' lang='lat' dir='ltr'>te</span> <span class='ocrx_word' id='word_1_156' title='bbox 400 1866 499 1903; x_wconf 89' lang='lat' dir='ltr'>ueto</span> <span class='ocrx_word' id='word_1_157' title='bbox 522 1875 599 1903; x_wconf 91' lang='grc'>1100</span> <span class='ocrx_word' id='word_1_158' title='bbox 623 1861 752 1916; x_wconf 88' lang='lat' dir='ltr'>plana</span> <span class='ocrx_word' id='word_1_159' title='bbox 776 1862 928 1903; x_wconf 88' lang='lat' dir='ltr'>faciem</span> <span class='ocrx_word' id='word_1_160' title='bbox 952 1861 1213 1902; x_wconf 88' lang='lat' dir='ltr'>contundere</span> <span class='ocrx_word' id='word_1_161' title='bbox 1237 1861 1392 1915; x_wconf 87' lang='lat' dir='ltr'>palma,</span> 
     </span>
     <span class='ocr_line' id='line_1_31' title="bbox 331 1935 1566 1992; baseline -0.002 -14"><span class='ocrx_word' id='word_1_162' title='bbox 331 1937 679 1992; x_wconf 89' lang='lat' dir='ltr'>quandoquidem</span> <span class='ocrx_word' id='word_1_163' title='bbox 703 1941 873 1990; x_wconf 84' lang='lat' dir='ltr'>accepto</span> <span class='ocrx_word' id='word_1_164' title='bbox 897 1936 1134 1977; x_wconf 89' lang='lat' dir='ltr'>claudenda</span> <span class='ocrx_word' id='word_1_165' title='bbox 1157 1940 1222 1977; x_wconf 87' lang='lat' dir='ltr'>est</span> <span class='ocrx_word' id='word_1_166' title='bbox 1246 1937 1375 1977; x_wconf 87' lang='lat' dir='ltr'>ianua</span> <span class='ocrx_word' id='word_1_167' title='bbox 1399 1935 1566 1985; x_wconf 92' lang='lat' dir='ltr'>damno,</span> 
     </span>
     <span class='ocr_line' id='line_1_32' title="bbox 330 2011 1346 2067; baseline -0.003 -13"><span class='ocrx_word' id='word_1_168' title='bbox 330 2017 374 2054; x_wconf 90' lang='lat' dir='ltr'>et</span> <span class='ocrx_word' id='word_1_169' title='bbox 398 2013 558 2054; x_wconf 87' lang='lat' dir='ltr'>maiore</span> <span class='ocrx_word' id='word_1_170' title='bbox 582 2012 731 2053; x_wconf 91' lang='lat' dir='ltr'>domus</span> <span class='ocrx_word' id='word_1_171' title='bbox 755 2013 934 2067; x_wconf 88' lang='lat' dir='ltr'>gemitu,</span> <span class='ocrx_word' id='word_1_172' title='bbox 957 2012 1114 2052; x_wconf 85' lang='lat' dir='ltr'>maiore</span> <span class='ocrx_word' id='word_1_173' title='bbox 1139 2011 1346 2060; x_wconf 85' lang='lat' dir='ltr'>tumultu,</span> 
     </span>
     <span class='ocr_line' id='line_1_33' title="bbox 333 2085 1514 2143; baseline -0.002 -15"><span class='ocrx_word' id='word_1_174' title='bbox 333 2087 598 2143; x_wconf 85' lang='lat' dir='ltr'>planguntur</span> <span class='ocrx_word' id='word_1_175' title='bbox 622 2087 790 2128; x_wconf 88' lang='lat' dir='ltr'>nummi</span> <span class='ocrx_word' id='word_1_176' title='bbox 815 2100 944 2142; x_wconf 89' lang='lat' dir='ltr'>quam</span> <span class='ocrx_word' id='word_1_177' title='bbox 968 2086 1144 2137; x_wconf 80' lang='lat' dir='ltr'>funera3</span> <span class='ocrx_word' id='word_1_178' title='bbox 1178 2100 1301 2127; x_wconf 89' lang='lat' dir='ltr'>nemo</span> <span class='ocrx_word' id='word_1_179' title='bbox 1327 2085 1514 2127; x_wconf 91' lang='lat' dir='ltr'>dolorem</span> 
     </span>
     <span class='ocr_line' id='line_1_34' title="bbox 334 2162 1415 2219; baseline -0.004 -14"><span class='ocrx_word' id='word_1_180' title='bbox 334 2164 462 2219; x_wconf 88' lang='lat' dir='ltr'>fingit</span> <span class='ocrx_word' id='word_1_181' title='bbox 485 2164 533 2204; x_wconf 89' lang='lat' dir='ltr'>in</span> <span class='ocrx_word' id='word_1_182' title='bbox 557 2163 635 2204; x_wconf 92' lang='lat' dir='ltr'>hoc</span> <span class='ocrx_word' id='word_1_183' title='bbox 658 2176 768 2212; x_wconf 79' lang='lat' dir='ltr'>casn,</span> <span class='ocrx_word' id='word_1_184' title='bbox 791 2167 956 2203; x_wconf 90' lang='lat' dir='ltr'>uestem</span> <span class='ocrx_word' id='word_1_185' title='bbox 981 2162 1178 2203; x_wconf 83' lang='lat' dir='ltr'>diducere</span> <span class='ocrx_word' id='word_1_186' title='bbox 1203 2175 1415 2202; x_wconf 90' lang='lat' dir='ltr'>summam</span> 
     </span>
     <span class='ocr_line' id='line_1_35' title="bbox 332 2237 1276 2287; baseline -0.003 -7"><span class='ocrx_word' id='word_1_187' title='bbox 332 2242 571 2287; x_wconf 88' lang='lat' dir='ltr'>contentus,</span> <span class='ocrx_word' id='word_1_188' title='bbox 595 2251 749 2279; x_wconf 84' lang='lat' dir='ltr'>uexare</span> <span class='ocrx_word' id='word_1_189' title='bbox 774 2237 914 2279; x_wconf 90' lang='lat' dir='ltr'>oculos</span> <span class='ocrx_word' id='word_1_190' title='bbox 939 2250 1084 2278; x_wconf 89' lang='lat' dir='ltr'>umore</span> <span class='ocrx_word' id='word_1_191' title='bbox 1108 2242 1276 2278; x_wconf 88' lang='lat' dir='ltr'>coacto:</span> 
     </span>
     <span class='ocr_line' id='line_1_36' title="bbox 331 2312 1267 2369; baseline -0.003 -14"><span class='ocrx_word' id='word_1_192' title='bbox 331 2315 525 2369; x_wconf 83' lang='lat' dir='ltr'>ploratur</span> <span class='ocrx_word' id='word_1_193' title='bbox 549 2313 738 2355; x_wconf 85' lang='lat' dir='ltr'>lacrimis</span> <span class='ocrx_word' id='word_1_194' title='bbox 762 2313 917 2354; x_wconf 89' lang='lat' dir='ltr'>amissa</span> <span class='ocrx_word' id='word_1_195' title='bbox 940 2312 1121 2367; x_wconf 80' lang='lat' dir='ltr'>pecunia</span> <span class='ocrx_word' id='word_1_196' title='bbox 1145 2312 1267 2353; x_wconf 83' lang='lat' dir='ltr'>ueris.</span> 
     </span>
     <span class='ocr_line' id='line_1_37' title="bbox 331 2387 1432 2441; baseline -0.003 -11"><span class='ocrx_word' id='word_1_197' title='bbox 331 2389 404 2431; x_wconf 89' lang='lat' dir='ltr'>sed</span> <span class='ocrx_word' id='word_1_198' title='bbox 428 2389 464 2430; x_wconf 86' lang='lat' dir='ltr'>si</span> <span class='ocrx_word' id='word_1_199' title='bbox 487 2392 642 2430; x_wconf 88' lang='lat' dir='ltr'>cuncta</span> <span class='ocrx_word' id='word_1_200' title='bbox 666 2388 787 2429; x_wconf 89' lang='lat' dir='ltr'>uides</span> <span class='ocrx_word' id='word_1_201' title='bbox 811 2388 942 2429; x_wconf 89' lang='lat' dir='ltr'>simili</span> <span class='ocrx_word' id='word_1_202' title='bbox 967 2387 1057 2428; x_wconf 86' lang='lat' dir='ltr'>fora</span> <span class='ocrx_word' id='word_1_203' title='bbox 1081 2387 1208 2440; x_wconf 88' lang='lat' dir='ltr'>plena</span> <span class='ocrx_word' id='word_1_204' title='bbox 1233 2387 1432 2441; x_wconf 86' lang='lat' dir='ltr'>querella,</span> 
     </span>
     <span class='ocr_line' id='line_1_38' title="bbox 333 2461 1211 2517; baseline -0.005 -11"><span class='ocrx_word' id='word_1_205' title='bbox 333 2465 369 2506; x_wconf 89' lang='lat' dir='ltr'>si</span> <span class='ocrx_word' id='word_1_206' title='bbox 394 2464 531 2506; x_wconf 88' lang='lat' dir='ltr'>decies</span> <span class='ocrx_word' id='word_1_207' title='bbox 554 2464 676 2505; x_wconf 87' lang='lat' dir='ltr'>lectis</span> <span class='ocrx_word' id='word_1_208' title='bbox 701 2463 870 2504; x_wconf 87' lang='lat' dir='ltr'>diuersa</span> <span class='ocrx_word' id='word_1_209' title='bbox 894 2467 1016 2517; x_wconf 88' lang='lat' dir='ltr'>parte</span> <span class='ocrx_word' id='word_1_210' title='bbox 1040 2461 1211 2503; x_wconf 89' lang='lat' dir='ltr'>tabellis</span> 
     </span>
     <span class='ocr_line' id='line_1_39' title="bbox 333 2537 1345 2593; baseline -0.005 -12"><span class='ocrx_word' id='word_1_211' title='bbox 333 2553 446 2581; x_wconf 89' lang='lat' dir='ltr'>uana</span> <span class='ocrx_word' id='word_1_212' title='bbox 471 2538 731 2593; x_wconf 88' lang='lat' dir='ltr'>superuacui</span> <span class='ocrx_word' id='word_1_213' title='bbox 756 2538 908 2579; x_wconf 89' lang='lat' dir='ltr'>dicunt</span> <span class='ocrx_word' id='word_1_214' title='bbox 932 2537 1211 2592; x_wconf 82' lang='lat' dir='ltr'>chirographa</span> <span class='ocrx_word' id='word_1_215' title='bbox 1235 2537 1345 2592; x_wconf 88' lang='lat' dir='ltr'>ligni</span> 
     </span>
    </p>
   </div>
   <div class='ocr_carea' id='block_1_9' title="bbox 196 2649 1729 2798">
    <p class='ocr_par' dir='ltr' id='par_1_10' title="bbox 196 2649 1729 2798">
     <span class='ocr_line' id='line_1_40' title="bbox 264 2649 1729 2692; baseline -0.003 -6"><span class='ocrx_word' id='word_1_216' title='bbox 264 2658 326 2687; x_wconf 84' lang='grc'>107</span> <span class='ocrx_word' id='word_1_217' title='bbox 354 2653 539 2686; x_wconf 73' lang='lat' dir='ltr'>confirmat</span> <span class='ocrx_word' id='word_1_218' title='bbox 565 2652 680 2684; x_wconf 84' lang='lat' dir='ltr'><strong>FGLU</strong></span> <span class='ocrx_word' id='word_1_219' title='bbox 711 2653 745 2683; x_wconf 84' lang='lat' dir='ltr'>et</span> <span class='ocrx_word' id='word_1_220' title='bbox 776 2650 825 2690; x_wconf 86' lang='lat' dir='ltr'>(in</span> <span class='ocrx_word' id='word_1_221' title='bbox 858 2650 972 2692; x_wconf 67' lang='lat' dir='ltr'>Sang„</span> <span class='ocrx_word' id='word_1_222' title='bbox 998 2660 1067 2681; x_wconf 87' lang='lat' dir='ltr'>non</span> <span class='ocrx_word' id='word_1_223' title='bbox 1098 2650 1133 2681; x_wconf 88' lang='lat' dir='ltr'>in</span> <span class='ocrx_word' id='word_1_224' title='bbox 1165 2649 1275 2690; x_wconf 82' lang='lat' dir='ltr'>Pith.)</span> <span class='ocrx_word' id='word_1_225' title='bbox 1306 2650 1339 2687; x_wconf 85' lang='lat' dir='ltr'>S,</span> <span class='ocrx_word' id='word_1_226' title='bbox 1364 2650 1573 2682; x_wconf 85' lang='lat' dir='ltr'>confirmant</span> <span class='ocrx_word' id='word_1_227' title='bbox 1603 2649 1729 2688; x_wconf 85' lang='lat' dir='ltr'>PAO&#39;l&#39;,</span> 
     </span>
     <span class='ocr_line' id='line_1_41' title="bbox 196 2700 1646 2747; baseline -0.004 -8"><span class='ocrx_word' id='word_1_228' title='bbox 196 2707 398 2747; x_wconf 66' lang='lat' dir='ltr'>cmffimm</span> <span class='ocrx_word' id='word_1_229' title='bbox 428 2704 645 2736; x_wconf 85' lang='lat' dir='ltr'>Hermannus</span> <span class='ocrx_word' id='word_1_230' title='bbox 744 2707 806 2734; x_wconf 86' lang='grc'>119</span> <span class='ocrx_word' id='word_1_231' title='bbox 833 2703 966 2742; x_wconf 82' lang='lat' dir='ltr'>uagelli</span> <span class='ocrx_word' id='word_1_232' title='bbox 997 2700 1123 2739; x_wconf 72' lang='lat' dir='ltr'>ZFGU,</span> <span class='ocrx_word' id='word_1_233' title='bbox 1151 2703 1259 2742; x_wconf 82' lang='lat' dir='ltr'>agelli</span> <span class='ocrx_word' id='word_1_234' title='bbox 1288 2702 1349 2739; x_wconf 88' lang='lat' dir='ltr'>PS,</span> <span class='ocrx_word' id='word_1_235' title='bbox 1381 2702 1501 2733; x_wconf 83' lang='lat' dir='ltr'>bacilli</span> <span class='ocrx_word' id='word_1_236' title='bbox 1529 2701 1646 2733; x_wconf 74' lang='lat' dir='ltr'><strong>ALO‘I·</strong></span> 
     </span>
     <span class='ocr_line' id='line_1_42' title="bbox 243 2753 1690 2798; baseline -0.004 -7"><span class='ocrx_word' id='word_1_237' title='bbox 243 2763 306 2791; x_wconf 86' lang='lat'>123</span> <span class='ocrx_word' id='word_1_238' title='bbox 329 2758 480 2798; x_wconf 79' lang='lat' dir='ltr'>suspicit</span> <span class='ocrx_word' id='word_1_239' title='bbox 503 2757 627 2794; x_wconf 79' lang='lat' dir='ltr'>PFGU,</span> <span class='ocrx_word' id='word_1_240' title='bbox 647 2756 798 2795; x_wconf 78' lang='lat' dir='ltr'>suscipit</span> <span class='ocrx_word' id='word_1_241' title='bbox 814 2755 929 2787; x_wconf 78' lang='grc' dir='ltr'>ΔΙ..οΤ</span> <span class='ocrx_word' id='word_1_242' title='bbox 1018 2758 1078 2786; x_wconf 87' lang='grc'>131</span> <span class='ocrx_word' id='word_1_243' title='bbox 1096 2755 1251 2786; x_wconf 77' lang='lat' dir='ltr'>dolorem</span> <span class='ocrx_word' id='word_1_244' title='bbox 1266 2754 1397 2793; x_wconf 84' lang='lat' dir='ltr'>PAGU,</span> <span class='ocrx_word' id='word_1_245' title='bbox 1420 2754 1557 2785; x_wconf 81' lang='lat' dir='ltr'>dolores</span> <span class='ocrx_word' id='word_1_246' title='bbox 1580 2753 1690 2785; x_wconf 80' lang='lat' dir='ltr'>PLO&#39;I&#39;</span> 
     </span>
    </p>
   </div>
   <div class='ocr_carea' id='block_1_10' title="bbox 243 2804 1692 2903">
    <p class='ocr_par' dir='ltr' id='par_1_11' title="bbox 243 2804 1692 2903">
     <span class='ocr_line' id='line_1_43' title="bbox 243 2804 1692 2846; baseline -0.003 -4"><span class='ocrx_word' id='word_1_247' title='bbox 243 2814 306 2842; x_wconf 83' lang='lat'>132</span> <span class='ocrx_word' id='word_1_248' title='bbox 328 2810 394 2842; x_wconf 84' lang='lat' dir='ltr'>hoc</span> <span class='ocrx_word' id='word_1_249' title='bbox 416 2817 502 2841; x_wconf 77' lang='lat' dir='ltr'>casu</span> <span class='ocrx_word' id='word_1_250' title='bbox 524 2808 678 2846; x_wconf 83' lang='lat' dir='ltr'>PSGOU,</span> <span class='ocrx_word' id='word_1_251' title='bbox 701 2815 827 2839; x_wconf 73' lang='lat' dir='ltr'>occasu</span> <span class='ocrx_word' id='word_1_252' title='bbox 849 2807 962 2838; x_wconf 76' lang='lat' dir='ltr'>AFL&#39;I·</span> <span class='ocrx_word' id='word_1_253' title='bbox 1049 2806 1214 2838; x_wconf 79' lang='lat' dir='ltr'>diducere</span> <span class='ocrx_word' id='word_1_254' title='bbox 1237 2806 1389 2844; x_wconf 89' lang='lat' dir='ltr'>PALOT,</span> <span class='ocrx_word' id='word_1_255' title='bbox 1407 2805 1580 2838; x_wconf 82' lang='lat' dir='ltr'>deducere</span> <span class='ocrx_word' id='word_1_256' title='bbox 1602 2804 1692 2837; x_wconf 79' lang='lat' dir='ltr'>FGU</span> 
     </span>
     <span class='ocr_line' id='line_1_44' title="bbox 243 2857 1134 2903; baseline -0.006 -8"><span class='ocrx_word' id='word_1_257' title='bbox 243 2866 305 2895; x_wconf 85' lang='grc'>136</span> <span class='ocrx_word' id='word_1_258' title='bbox 321 2864 425 2903; x_wconf 74' lang='lat' dir='ltr'>parte</span> <span class='ocrx_word' id='word_1_259' title='bbox 441 2861 598 2900; x_wconf 78' lang='lat' dir='ltr'>PAFGU,</span> <span class='ocrx_word' id='word_1_260' title='bbox 618 2860 657 2892; x_wconf 87' lang='lat' dir='ltr'>in</span> <span class='ocrx_word' id='word_1_261' title='bbox 671 2861 775 2900; x_wconf 73' lang='lat' dir='ltr'>parte</span> <span class='ocrx_word' id='word_1_262' title='bbox 791 2860 884 2898; x_wconf 86' lang='lat' dir='ltr'>LO&#39;I&#39;,</span> <span class='ocrx_word' id='word_1_263' title='bbox 905 2857 983 2890; x_wconf 83' lang='lat' dir='ltr'>uide</span> <span class='ocrx_word' id='word_1_264' title='bbox 998 2866 1055 2890; x_wconf 82' lang='lat' dir='ltr'>vu</span> <span class='ocrx_word' id='word_1_265' title='bbox 1072 2860 1134 2891; x_wconf 88' lang='grc'>156</span> 
     </span>
    </p>
   </div>
  </div>
 </body>
</html>
