1947 3145
268 90 289 130 1
301 89 323 129 1
335 90 360 129 2
866 81 1192 124 IVVENALIS

398 205 470 246 sed
495 208 722 258 postquam
747 202 879 242 iacuit
904 199 1082 252 planum
1107 212 1230 246 mare,
1255 203 1445 251 tempora
1469 203 1697 252 postquam

398 293 595 333 prospera
620 276 800 318 uectoris
826 275 1050 326 fatumque
1075 273 1289 313 ualentius
1314 286 1415 312 euro

398 359 441 396 et
466 354 627 408 pelag0‚
651 356 878 405 postquam
904 349 1057 388 Parcae
1082 347 1257 388 meliora
1280 348 1464 402 benigna

287 442 327 472 65
397 443 527 483 pensa
551 441 683 467 manu
707 426 871 465 ducunt
895 423 1053 463 hilares
1077 427 1120 463 et
1144 422 1343 462 staminis
1367 422 1454 462 albi

398 504 604 549 lanificae,
628 500 793 540 modica
818 511 894 538 nec
918 497 1107 538 multum
1132 497 1282 537 fortior
1305 511 1407 537 aura

399 582 556 619 uentus
579 576 711 623 adest,
735 573 852 627 inopi
877 572 1130 613 miserabilis
1155 576 1246 612 arte
1271 572 1459 612 cucurrit

400 653 592 695 uestibus
615 650 803 691 extentis
828 654 882 697 et,
908 648 1021 702 quod
1045 652 1321 701 superauerat
1345 662 1493 695 unum,

399 728 492 769 uelo
516 740 640 780 prora
665 738 750 765 suo.
820 725 907 763 iam
932 723 1227 763 deficientibus
1251 723 1409 763 austris

287 814 327 848 70
398 817 489 858 spes
515 802 631 842 uitae
655 814 753 840 cum
778 799 862 839 sole
886 798 1008 838 redit.
1080 802 1174 838 tum
1200 802 1348 852 gratus
1374 797 1471 838 Iulo

398 883 528 932 atque
553 874 768 916 nouercali
793 873 909 914 sedes
932 872 1124 926 praelata
1148 872 1312 912 Lauino

399 951 660 1005 conspicitur
685 948 881 990 sublimis
906 961 1026 1002 apeX‚
1050 947 1119 987 cui
1143 946 1324 987 candida
1348 960 1503 987 nomen

400 1027 535 1069 scrofa
560 1025 690 1073 dedit,
713 1024 838 1064 laetis
864 1022 1106 1076 Phrygibus
1131 1021 1327 1062 mirabile
1352 1035 1503 1062 sumen

400 1107 443 1144 et
468 1114 705 1155 numquam
730 1099 835 1139 uisis
860 1098 1040 1151 triginta
1065 1097 1178 1137 clara
1202 1096 1417 1138 mamillis.

288 1189 330 1221 75
400 1177 574 1219 tandem
599 1177 737 1216 intrat
760 1174 919 1228 positas
944 1172 1109 1213 inclusa
1134 1186 1207 1226 per
1235 1185 1417 1226 aequora
1442 1171 1572 1212 moles

401 1252 750 1307 Tyrrhenamque
774 1249 939 1303 pharon
963 1252 1241 1301 porrectaque
1265 1247 1461 1288 bracchia
1486 1260 1658 1287 rursum

402 1341 509 1382 quae
533 1326 683 1381 pelago
707 1328 936 1365 occurrunt
961 1322 1102 1362 medio
1127 1322 1335 1376 longeque
1358 1322 1581 1376 relinqunt

404 1403 604 1444 Italiam:
641 1414 725 1440 non
751 1399 810 1440 sic
835 1396 1004 1453 †igitur
1028 1397 1236 1437 mirabere
1259 1402 1408 1450 portus

404 1491 508 1532 quos
533 1481 689 1517 natura
714 1474 842 1515 dedit.
913 1473 985 1513 sed
1004 1477 1157 1513 trunca
1181 1485 1322 1526 puppe
1346 1472 1550 1527 magister

292 1565 334 1596 80
403 1552 607 1594 interiora
631 1550 744 1604 petit
768 1549 954 1590 Baianae
978 1547 1127 1602 peruia
1151 1547 1326 1588 cumbae

404 1628 491 1669 tuti
516 1631 669 1681 stagna
694 1625 824 1673 sinus,
848 1623 1038 1679 gaudent
1062 1622 1137 1663 ubi
1162 1623 1321 1663 uertice
1346 1636 1440 1663 raso

405 1702 575 1758 garrula
600 1700 736 1742 securi
760 1712 933 1740 narrare
957 1697 1144 1752 pericula
1168 1701 1338 1738 nautae.

472 1778 532 1819 ite
558 1777 705 1831 igitur,
728 1774 862 1829 pueri,
886 1773 1047 1828 linguis
1071 1772 1315 1826 animisque
1339 1772 1533 1814 fauentes

406 1858 603 1907 sertaque
628 1850 815 1892 delubris
839 1853 883 1890 et
909 1848 1025 1888 farra
1049 1848 1245 1902 inponite
1269 1847 1421 1888 cultris

339 2000 455 2029 62—64
485 1994 565 2027 ordo
595 1996 646 2026 est
675 1997 851 2034 postquam
880 1992 1020 2023 aectoris
1044 2001 1204 2032 prospera
1234 1994 1379 2031 tempora
1403 1991 1585 2031 fatumque
1619 1990 1811 2022 ualentiora

274 2050 411 2080 ficerunt
434 2057 536 2088 quam
560 2056 661 2077 eurus
683 2048 711 2076 et
729 2045 889 2085 pelayus:
915 2043 992 2075 uide
1016 2052 1055 2074 VI
1081 2042 1152 2081 571,
1174 2051 1239 2074 XVI
1258 2044 1286 2079 4,
1311 2041 1428 2073 Manil.
1447 2051 1492 2074 111
1517 2042 1665 2074 510-559
1769 2045 1811 2073 63

272 2102 428 2133 uectoris
451 2097 525 2136 ΡΨ,
552 2100 715 2130 uectores
742 2098 804 2134 FO,
833 2097 970 2128 uectori
997 2106 1037 2127 ex
1060 2105 1141 2126 corr.
1166 2096 1192 2127 1.
1215 2097 1249 2126 et
1274 2093 1378 2126 Hadr.
1396 2093 1550 2125 Valesius
1573 2092 1712 2124 fortasse
1735 2102 1811 2123 uere

364 2156 404 2184 64
419 2151 572 2190 benigna
587 2149 634 2188 Ψ,
651 2150 824 2188 benignae
840 2149 926 2180 PAL
1013 2151 1053 2179 68
1071 2147 1227 2179 extensis
1243 2145 1290 2185 Ψ,
1311 2145 1389 2178 uide
1405 2155 1444 2177 vr
1462 2147 1524 2177 549
1613 2149 1653 2177 70
1669 2147 1747 2176 tum
1762 2143 1810 2177 Ψ,

273 2207 361 2237 tunc
388 2204 446 2235 PA
473 2202 596 2244 aliique
685 2205 726 2233 73
756 2201 918 2232 mirabile
941 2198 989 2238 Ψ,
1019 2199 1220 2231 miserabile
1251 2199 1345 2236 PSA,
1379 2200 1561 2239 utrumque
1587 2196 1739 2238 agnoscit
1769 2194 1806 2233 Σ,

277 2254 354 2288 uide
371 2255 469 2295 Verg.
491 2254 574 2286 Aen.
595 2261 666 2284 V111
691 2254 730 2284 81
755 2252 911 2283 mirabile
932 2254 1118 2282 ‘monstrum
1206 2255 1245 2282 76
1269 2259 1411 2282 rursum
1434 2251 1459 2281 P
1480 2249 1612 2290 aliique,
1629 2257 1755 2280 rursus
1775 2246 1813 2279 Ψ

364 2311 404 2338 77
435 2306 625 2338 occurrunt
655 2303 692 2335 Ψ
724 2303 815 2335 Seru.
846 2303 928 2334 Aen.
958 2311 983 2334 x
1011 2304 1082 2341 693,
1111 2303 1260 2334 currunt
1290 2302 1373 2333 PSA
1473 2302 1654 2341 relinqunt
1677 2310 1718 2331 ex
1744 2300 1771 2331 P

365 2362 406 2390 78
429 2358 549 2397 igitur,
571 2356 624 2387 cui
648 2354 833 2397 particulae
858 2354 914 2386 hic
936 2356 969 2385 et
993 2363 1059 2385 xvr
1087 2355 1125 2384 18
1152 2352 1295 2385 editores
1320 2352 1449 2384 nullam
1471 2352 1645 2383 notionem
1666 2351 1815 2382 subicere

277 2408 449 2448 uidentur,
485 2407 689 2439 sententiam
724 2406 898 2448 peruertit.
933 2405 1017 2447 quid
1047 2405 1161 2436 enim?
1209 2405 1288 2446 quia
1315 2406 1433 2446 portus
1464 2403 1629 2435 Ostiensis
1658 2403 1695 2434 in
1724 2412 1815 2434 mare

278 2460 456 2504 procurrit,
481 2458 646 2490 idcircone
670 2469 737 2489 non
762 2458 808 2489 sic
830 2457 1027 2488 mirabimur
1048 2455 1218 2488 naturales
1235 2459 1351 2497 portus
1367 2455 1403 2486 in
1421 2465 1510 2486 mare
1527 2457 1562 2486 et
1576 2455 1666 2496 ipsos
1682 2464 1814 2495 procur-

279 2513 414 2545 rentes?
459 2511 562 2542 immo
586 2510 665 2551 quia
685 2509 741 2540 hic
768 2519 871 2540 manu
894 2509 1002 2540 faetus
1026 2511 1086 2540 est.
1140 2508 1255 2549 itaque
1278 2508 1387 2547 iyitur
1410 2506 1596 2548 significare
1620 2504 1757 2537 uidetur
1782 2505 1817 2536 ob

279 2573 417 2597 eausam
437 2572 606 2602 ‘nusquam
624 2564 917 2599 commemoratam,
940 2570 1041 2601 quam
1062 2559 1133 2591 uim
1153 2558 1335 2601 particulae
1352 2557 1598 2599 lexicographis
1618 2556 1815 2598 consignan-

281 2615 360 2648 dam
385 2613 592 2646 commendo.
696 2616 811 2653 aptam
837 2611 1041 2644 sententiam
1068 2611 1189 2642 efficiet
1218 2611 1354 2649 similis,
1382 2609 1471 2652 quod
1494 2609 1583 2640 inter
1608 2609 1654 2640 sic
1676 2610 1711 2639 et
1732 2609 1815 2638 ‘mir-

281 2677 351 2699 non
367 2666 479 2698 minus
496 2664 591 2696 facile
609 2663 758 2695 excidere
782 2664 895 2705 potuit
911 2673 1012 2705 quam
1030 2672 1042 2694 1
1060 2665 1100 2694 85
1125 2673 1165 2693 ex
1181 2662 1367 2694 Pithoeano
1391 2663 1490 2693 timor
1506 2673 1514 2699 ;
1542 2659 1599 2691 sed
1622 2659 1688 2690 alia
1711 2659 1817 2690 conici

282 2747 434 2788 possunt,
470 2743 565 2776 uelut
595 2743 692 2774 ullos.
742 2752 819 2773 casu
847 2742 974 2773 factum
1002 2744 1085 2783 puto
1117 2743 1157 2772 ut
1187 2741 1303 2780 iqitur,
1333 2739 1395 2771 hoc
1422 2743 1473 2770 est
1497 2718 1528 2779 ᾗ,
1559 2737 1595 2769 in
1624 2737 1725 2768 Burn.
1757 2739 1818 2768 192

283 2797 443 2830 omissum
468 2796 513 2827 sit
601 2798 640 2826 81
671 2794 745 2825 tuti
776 2795 905 2833 stagna
929 2794 1028 2824 sinus
1055 2793 1080 2824 P
1104 2792 1229 2834 aliique
1252 2794 1287 2823 et
1311 2793 1351 2823 ut
1374 2790 1510 2822 uidetur
1532 2791 1573 2828 U,
1603 2789 1677 2821 tuti
1700 2790 1820 2820 stacta

282 2850 384 2881 sinus
400 2849 438 2887 G,
455 2847 555 2880 tunoi
571 2848 700 2885 stagna
717 2846 815 2876 sinus
831 2846 871 2884 A,
891 2846 977 2876 tune
994 2845 1184 2884 stagnante
1201 2844 1282 2875 sinu
1297 2841 1335 2874 Ψ
1421 2842 1483 2874 ubi
1498 2839 1545 2878 Ψ,
1562 2841 1612 2873 ibi
1627 2841 1711 2873 PAF
