1947 3145
716 654 893 694 LIBER
941 653 1250 694 SECVNDVS

838 817 1040 853 SATVRA
1077 818 1132 852 VI

354 926 488 968 Credo
513 926 772 967 Pudicitiam
797 926 983 966 Saturno
1007 938 1104 979 rege
1128 929 1340 965 moratam

353 1003 399 1042 111
424 1002 548 1042 terris
573 1002 792 1054 uis-amque
818 1000 904 1049 diu,
927 1014 1024 1041 011111
1049 999 1205 1055 frigida
1229 1012 1384 1053 paruas

353 1077 573 1130 praeberet
599 1076 802 1129 spelunca
826 1075 971 1115 domos
995 1075 1224 1129 ignemque
1250 1075 1465 1127 laremque

353 1156 395 1192 et
420 1164 548 1205 pecus
572 1155 614 1191 et
640 1151 832 1191 dominos
855 1150 1074 1190 communi
1099 1149 1311 1190 clauderet
1336 1149 1499 1196 umbra,

263 1238 281 1268 5
352 1227 590 1268 siluestrem
616 1230 822 1267 montana
847 1229 989 1266 torum
1014 1239 1111 1265 011111
1136 1229 1343 1265 sterneret,
1367 1237 1474 1264 uxor

352 1301 574 1342 frondibus
598 1305 641 1342 et
665 1301 805 1341 culmo
830 1300 1157 1354 uicinarumque
1183 1300 1367 1340 ferarum

351 1377 548 1431 pellibus,
573 1377 679 1416 haut
704 1376 858 1416 similis
883 1375 977 1424 tibi,
1003 1375 1206 1429 Cynthia,
1230 1388 1306 1415 nec
1332 1374 1425 1422 tibi,
1450 1374 1575 1414 cuius

354 1452 549 1493 turbauit
574 1451 735 1492 nitidos
760 1451 978 1491 extinctus
1002 1464 1146 1504 passer
1170 1450 1335 1498 ocellos,

353 1527 426 1568 sed
450 1526 636 1581 potanda
662 1526 801 1566 ferens
825 1525 1068 1566 infantibus
1094 1526 1223 1565 ubera
1248 1524 1417 1579 magnis

242 1613 282 1644 10
352 1606 394 1642 et
420 1615 543 1655 saepe
570 1601 784 1641 horridior
809 1600 1006 1655 glandem
1031 1605 1227 1641 ructante
1252 1600 1417 1640 marito.

352 1677 510 1731 quippe
532 1677 659 1717 aliter
683 1681 786 1716 tunc
811 1676 908 1716 orbe
933 1689 1043 1716 nouo
1068 1675 1266 1729 caeloque
1291 1674 1450 1715 recenti

351 1753 557 1793 uiuebant
582 1751 789 1799 homines,
814 1751 888 1804 qui
912 1755 1039 1804 rupto
1064 1751 1211 1791 robore
1237 1750 1329 1791 nati

351 1827 630 1882 compositiue
655 1827 748 1867 luto
773 1826 915 1867 nullos
940 1826 1124 1866 habuere
1148 1830 1353 1879 parentes.

353 1902 491 1943 multa
516 1901 759 1942 Pudicitiae
784 1901 940 1941 ueteris
964 1901 1147 1954 uestigia
1166 1900 1308 1940 forsan

240 1988 280 2018 15
350 1981 427 2018 0111
451 1977 596 2030 aliqua
620 1976 871 2017 exstiterint
896 1980 938 2016 et
963 1976 1041 2016 sub
1068 1975 1181 2024 Ioue,
1206 1974 1278 2016 sed
1304 1974 1407 2014 Ioue
1432 1972 1624 2014 nondum

352 2053 541 2101 barbato,
565 2051 757 2092 nondum
783 2051 955 2091 Graecis
980 2051 1120 2090 iurare
1145 2050 1308 2103 paratis

352 2141 427 2181 per
451 2131 581 2181 caput
605 2126 792 2175 alterius,
816 2140 913 2166 011111
938 2125 1077 2166 furem
1102 2139 1224 2165 nemo
1249 2125 1419 2165 timeret

355 2202 547 2243 caulibus
571 2215 619 2242 ac
643 2202 792 2255 pomis,
817 2205 860 2242 et
883 2205 1031 2254 aperto
1057 2200 1224 2240 uiueret
1249 2199 1383 2239 horto.

354 2277 565 2332 paulatim
590 2277 742 2317 deinde
767 2276 820 2316 ad
845 2289 1020 2329 superos
1044 2275 1224 2315 Astraea
1249 2274 1421 2315 recessit

243 2363 285 2394 20
355 2354 432 2393 hac
456 2353 622 2401 comite,
648 2356 775 2405 atque
801 2351 907 2391 duae
931 2351 1090 2404 pariter
1115 2350 1259 2404 fugere
1284 2362 1452 2390 sorores.

355 2428 546 2468 anticum
571 2432 613 2468 et
638 2431 762 2467 uetus
787 2431 850 2467 est
875 2426 1076 2474 alienum,
1100 2426 1314 2473 Postume,
1339 2424 1498 2465 lectum

356 2507 578 2543 concutere
603 2506 731 2555 atque
757 2501 862 2542 sacri
887 2501 1062 2555 genium
1086 2504 1357 2540 contemnere
1382 2498 1520 2539 fulcri.

359 2590 483 2618 omne
507 2577 626 2617 aliud
650 2578 812 2617 crimen
836 2590 936 2616 mox
961 2576 1096 2616 ferrea
1121 2575 1305 2628 protulit
1331 2578 1472 2615 aetas:

289 2679 310 2705 4
333 2674 508 2705 communi
531 2672 603 2709 ΡΨ,
629 2673 822 2704 communis
846 2671 1070 2713 Gaybacensis
1093 2673 1112 2701 2
1136 2674 1170 2702 et
1193 2670 1295 2702 schol.
1323 2670 1408 2701 Stat.
1436 2668 1539 2700 Theb.
1568 2676 1581 2699 1
1605 2668 1667 2699 586

268 2730 287 2757 9
303 2725 441 2764 magnis
459 2734 522 2755 om.
543 2725 576 2761 P,
597 2726 727 2764 poteras
744 2724 860 2754 crassis
877 2722 950 2754 coll.
973 2731 1043 2753 xm
1062 2724 1132 2761 163,
1154 2733 1231 2753 nam
1248 2732 1304 2753 cra
1325 2723 1400 2762 post
1416 2730 1473 2751 era
1495 2718 1589 2751 facile
1606 2718 1756 2750 excidere

225 2777 339 2819 potuit
427 2780 466 2807 13
483 2785 526 2807 ue
543 2776 656 2807 FOTU
674 2774 775 2805 Paris.
791 2774 873 2806 7906
891 2774 978 2805 sicut
995 2774 1178 2805 coniecerat
1196 2772 1364 2811 Pithoeus,
1381 2781 1491 2803 erasus
1508 2771 1542 2808 P,
1560 2779 1627 2810 que
1644 2771 1757 2810 AGLp

312 2832 352 2860 18
367 2836 407 2860 ac
420 2826 466 2864 Ψ,
481 2829 518 2859 et
531 2828 556 2858 P
569 2825 701 2867 aliique,
717 2825 811 2867 quasi
827 2824 907 2856 ordo
923 2825 968 2856 sit
984 2826 1135 2856 caulibus
1148 2828 1175 2855 et
1187 2826 1297 2864 pomis
1313 2827 1340 2855 et
1356 2826 1465 2863 aperto
1477 2822 1576 2854 horto.
1612 2821 1755 2854 alterum

223 2883 253 2912 et
267 2880 304 2912 in
319 2880 374 2912 sed
389 2879 538 2911 mutauit
556 2877 715 2909 Bai-thius
803 2881 843 2908 22
860 2878 965 2909 fulcri
981 2875 1029 2914 Ψ,
1048 2877 1186 2917 pulchri
1203 2877 1254 2908 PS

970 2935 1010 2965 36
