1947 3145
760 118 994 158 SATVRA
1030 117 1072 157 X
1627 116 1650 155 9
1663 116 1683 154 1

175 249 214 281 55
286 242 462 294 propter
486 251 596 292 quae
622 237 686 277 fas
710 241 774 277 est
799 250 935 291 genua
961 236 1148 276 incerare
1172 234 1380 274 deorum?

357 313 562 368 quosdam
587 312 843 366 praecipitat
869 311 1058 352 subiecta
1082 309 1275 363 potentia
1300 321 1479 363 magnae

288 389 491 437 inuidiae,
514 388 672 442 mergit
697 387 824 441 longa
847 391 975 440 atque
999 385 1184 440 insignis
1209 385 1423 425 honorum

287 464 456 519 pagina.
527 462 791 503 descendunt
816 466 983 502 statuae
1007 466 1248 514 restemque
1272 464 1487 506 secuntur,

286 539 401 593 ipsas
425 537 577 579 deinde
600 541 716 578 rotas
740 537 935 591 bigarum
960 537 1133 590 inpacta
1158 535 1316 576 securis

173 624 214 657 60
283 614 424 655 caedit
448 618 492 654 et
516 612 732 653 inmeritis
757 612 1020 666 franguntur
1045 624 1167 651 crura
1191 610 1379 658 caballis,

284 690 371 730 iam
396 687 580 729 strident
606 687 737 742 ignes,
762 687 847 727 iam
873 686 1046 727 follibus
1070 690 1200 739 atque
1224 685 1403 726 caminis

284 763 407 805 ardet
431 763 658 804 adoratum
681 762 840 816 populo
864 766 994 815 caput
1020 766 1062 802 et
1087 765 1233 814 crepat
1257 761 1408 816 ingens

285 839 477 888 Seianus,
501 837 653 879 deinde
677 852 728 878 ex
753 837 859 878 facie
884 841 976 878 toto
1001 837 1100 877 orbe
1125 836 1307 877 secunda

284 915 399 955 fiunt
423 913 595 962 urceoli,
619 913 779 967 pelues,
804 917 985 967 sartago,
1010 912 1219 953 matellae.

171 1000 211 1032 65
282 1003 392 1044 pone
416 989 531 1030 domi
555 989 714 1037 laurus,
739 988 820 1029 duc
844 988 891 1028 in
917 987 1133 1041 Capitolia
1157 1001 1363 1041 magnum

283 1068 580 1118 cretatumque
605 1064 782 1104 bouem:
819 1063 1000 1103 Seianus
1025 1063 1196 1103 ducitur
1222 1075 1331 1102 unco

284 1139 551 1194 spectandus,
575 1139 765 1194 gaudent
791 1151 946 1179 omncs.
1018 1142 1026 1158 ‘
1043 1152 1150 1192 quae
1176 1138 1306 1186 labra,
1331 1136 1428 1191 quis
1454 1136 1520 1176 illi

283 1215 434 1256 uultus
457 1217 574 1255 erat!
643 1227 892 1268 numquam,
917 1214 953 1254 si
978 1213 1081 1266 quid
1106 1213 1215 1253 mihi
1240 1211 1388 1261 credis,
1411 1211 1555 1252 amaui

283 1291 399 1331 hunc
422 1289 663 1331 hominem.'
726 1293 735 1309 ‘
751 1289 824 1330 sed
843 1303 925 1342 quo
944 1288 1098 1329 cecidit
1118 1288 1196 1329 sub
1214 1287 1393 1328 crimine
1410 1289 1425 1327 ἲ
1488 1286 1685 1340 quisnam

169 1374 210 1409 7ο
281 1364 447 1406 delator
470 1364 628 1418 quibus
653 1364 879 1413 indicibus,
905 1377 988 1418 quo
1013 1367 1122 1405 teste
1145 1363 1348 1417 probauit
1366 1363 1404 1403 2'

280 1445 289 1461 ‘
305 1440 371 1481 nil
395 1440 573 1481 horum:
609 1440 788 1480 uerbosa
811 1443 854 1480 et
879 1439 1053 1494 grandis
1077 1438 1264 1493 epistula
1289 1438 1411 1479 uenit

281 1530 305 1556 a
330 1515 528 1569 Capreis.’
597 1519 606 1535 ‘
622 1515 730 1556 bene
754 1515 898 1563 habet,
922 1514 985 1555 nil
1010 1514 1107 1568 plus
1131 1513 1374 1568 interrogo.'
1444 1512 1517 1553 sed
1541 1512 1645 1566 quid

280 1591 409 1633 turba
433 1590 590 1632 Remi?
659 1591 853 1644 sequitur
878 1591 1096 1631 fortunam
1120 1594 1170 1630 ut
1196 1602 1361 1643 semper
1385 1592 1429 1630 et
1453 1587 1545 1629 odit

281 1666 517 1708 damnatos.
587 1665 702 1707 idem
726 1666 924 1720 populus,
947 1666 983 1706 si
1008 1665 1164 1706 Nortia
1189 1665 1324 1705 Tusco

167 1751 208 1784 75
278 1742 468 1791 fauisset,
491 1742 529 1782 si
553 1755 751 1796 oppressa
774 1742 884 1782 foret
909 1755 1052 1782 secura
1076 1745 1271 1781 senectus

279 1817 501 1872 principis,
524 1817 604 1857 hac
628 1817 721 1871 ipsa
746 1817 949 1858 Seianum
973 1816 1132 1857 diceret
1157 1816 1261 1856 hora

280 1893 538 1947 Augustum.
608 1892 695 1932 iam
718 1892 898 1946 pridem,
922 1905 972 1932 ex
999 1905 1082 1945 quo
1107 1890 1308 1945 suffragia
1332 1889 1443 1930 nulli

280 1966 520 2016 uendimus,
544 1967 696 2008 effudit
721 1980 868 2017 curas3
902 1980 1004 2007 nam
1030 1966 1104 2020 qui
1129 1965 1259 2006 dabat
1283 1965 1386 2005 olim

281 2043 526 2097 imperium,
551 2042 694 2092 fasces,
719 2042 917 2098 legiones,
943 2042 1099 2091 omnia,
1123 2055 1238 2082 nunc
1262 2054 1305 2081 se

168 2129 209 2160 80
279 2118 475 2159 continet
499 2122 628 2172 atque
653 2117 757 2158 duas
782 2122 956 2158 tantum
981 2130 1046 2158 res
1070 2117 1224 2157 anxius
1249 2120 1383 2170 optat,

280 2206 437 2248 panem
460 2196 504 2233 et
527 2193 744 2234 circenses.
816 2198 825 2212 ‘
841 2193 1055 2247 perituros
1080 2192 1207 2233 audio
1232 2191 1413 2232 multos?

281 2273 291 2289 ‘
307 2268 371 2309 nil
395 2268 588 2318 dubium,
611 2282 768 2323 magna
791 2273 856 2310 est
880 2267 1124 2309 fornacula.'
1194 2272 1203 2287 ‘
1218 2266 1454 2321 pallidulus
1478 2266 1537 2306 mi

282 2343 533 2385 Bruttidius
557 2357 677 2385 meus
701 2344 755 2384 ad
779 2344 937 2385 Martis
961 2343 1047 2384 fuit
1071 2344 1223 2384 obuius
1247 2356 1390 2384 aram:

282 2433 412 2474 quam
436 2419 580 2468 timeo,
603 2420 745 2461 uictus
770 2434 823 2461 ne
847 2433 1003 2474 poenas
1028 2419 1173 2474 exigat
1197 2419 1311 2459 Aiax

169 2507 210 2539 85
281 2499 332 2537 ut
357 2494 468 2536 male
492 2495 700 2536 defensus.
771 2509 992 2536 curramus
1017 2495 1271 2549 praecipites
1295 2499 1351 2543 et,

212 2638 254 2667 66
284 2636 454 2666 secuntur
476 2632 524 2673 Ψ,
552 2636 750 2674 sequuntur
772 2635 851 2666 PSF
939 2639 979 2666 61
1011 2635 1166 2666 strident
1195 2635 1274 2666 PSP
1301 2633 1402 2665 Prisc.
1430 2632 1559 2665 G.L.K.
1590 2640 1617 2663 11
1650 2641 1681 2672 p.

148 2687 222 2725 521,
242 2687 404 2719 stridunt
426 2685 473 2725 Ψ,
500 2685 580 2717 uide
602 2694 627 2717 v
653 2688 714 2717 160
804 2691 845 2718 64
867 2687 1034 2718 matellae
1059 2685 1140 2719 ΡΒΣ
1163 2685 1233 2717 flor.
1259 2686 1358 2727 Sang.
1387 2686 1424 2724 G,
1452 2685 1616 2717 matellae
1647 2684 1683 2720 F,

147 2738 304 2779 patellae
327 2737 365 2769 Ψ
454 2742 495 2770 65
518 2739 642 2770 laurus
666 2738 765 2776 PGU,
792 2738 913 2770 lauros
936 2737 974 2769 Ψ
1063 2742 1103 2770 7ο
1124 2739 1266 2770 indiciis
1289 2739 1320 2770 A
1342 2739 1382 2769 ut
1404 2735 1540 2768 uidetur
1561 2734 1687 2777 aliique

235 2793 276 2822 73
297 2790 386 2821 remi
407 2790 491 2822 PSG
514 2789 651 2831 aliique,
674 2791 830 2821 tremens
853 2788 890 2820 Ψ
916 2799 1035 2822 comm.
1055 2790 1155 2831 Oruq.
1178 2789 1259 2821 Hor.
1285 2800 1383 2821 carm.
1414 2797 1426 2820 1
1451 2790 1491 2820 35
1517 2789 1556 2818 25
1646 2790 1687 2818 '14

146 2841 267 2874 nortia.
289 2842 357 2880 PA,
378 2842 502 2874 nurtia
524 2842 563 2880 G,
583 2842 706 2873 nutria.
725 2842 759 2880 P,
779 2842 904 2873 nursia
920 2840 957 2872 Ψ
1045 2846 1086 2874 78
1107 2842 1234 2874 effudit
1257 2842 1349 2880 PGL,
1371 2841 1497 2880 effugit
1520 2838 1557 2870 Ψ
1645 2842 1685 2870 81

147 2900 277 2934 panem
291 2893 389 2932 APG,
410 2893 531 2933 panim
547 2893 616 2931 PU,
635 2901 749 2933 pam*
767 2894 802 2932 L,
822 2902 914 2933 pan*
931 2894 968 2932 Ο,
989 2902 1061 2934 pan
1076 2893 1104 2925 Τ
1191 2897 1232 2925 82
1249 2892 1406 2933 pallidus
1421 2892 1508 2924 mihi
1524 2891 1550 2923 P
