1896 3141
475 679 548 731 D.
612 678 876 731 IVNII
938 676 1477 730 IVVENALIS

594 830 1367 894 SATVRARVM

754 1039 932 1080 LIBER
979 1038 1204 1079 PRIMVS

842 1197 1049 1233 SATVRA
1090 1198 1106 1232 I

347 1306 524 1347 SEMPER
548 1318 624 1361 ego
648 1305 822 1346 auditor
847 1307 1051 1346 tantum?
1123 1317 1414 1358 numquamne
1440 1316 1640 1357 reponam

345 1385 525 1423 uexatus
550 1381 710 1422 totiens
729 1381 845 1421 rauci
870 1379 1074 1421 Theseide
1101 1379 1261 1420 Cordi?

345 1457 511 1512 inpune
535 1470 634 1511 ergo
658 1456 766 1497 mihi
784 1456 1030 1497 recitauerit
1054 1455 1128 1496 ille
1153 1458 1332 1509 togatas,

346 1532 417 1573 hic
440 1531 611 1586 elegos?
680 1532 842 1585 inpune
868 1531 983 1571 diem
1007 1530 1316 1584 consumpserit
1341 1530 1491 1585 ingens

258 1618 276 1648 5
345 1607 557 1661 Telephus
581 1612 658 1648 aut
683 1606 840 1648 summi
864 1606 992 1660 plena
1017 1606 1103 1646 iam
1128 1605 1323 1660 margine
1347 1605 1450 1645 libri

345 1683 528 1737 scriptus
552 1687 595 1723 et
620 1683 666 1722 in
692 1687 811 1737 tergo
835 1681 1014 1722 necdum
1040 1682 1188 1722 finitus
1214 1681 1415 1722 Orestes?

346 1763 450 1800 nota
474 1759 612 1814 magis
637 1758 751 1798 nulli
775 1757 924 1798 domus
949 1764 1012 1798 est
1038 1771 1112 1797 sua
1137 1770 1267 1810 quam
1291 1756 1400 1796 mihi
1426 1755 1547 1796 lucus

346 1834 505 1875 Martis
529 1839 574 1875 et
597 1834 760 1875 Aeoliis
784 1833 977 1874 uicinum
1002 1833 1179 1886 rupibus
1203 1836 1379 1872 antrum

346 1909 558 1959 Vulcani;
593 1908 697 1963 quid
721 1912 853 1963 agant
878 1907 1012 1955 uenti,
1036 1920 1140 1961 quas
1165 1910 1362 1960 torqueat
1387 1906 1558 1946 umbras

235 1994 275 2025 10
344 1984 522 2033 Aeacus,
547 1983 659 2024 unde
684 1983 796 2024 alius
820 1982 1009 2023 furtiuae
1035 1981 1218 2022 deuehat
1243 1994 1396 2021 aurum

345 2059 580 2114 pelliculae,
604 2063 789 2113 quantas
813 2057 1023 2098 iaculetur
1047 2057 1292 2111 Monychus
1316 2069 1452 2104 ornos,

348 2134 580 2175 Frontonis
604 2134 772 2188 platani
796 2133 1087 2186 conuulsaque
1112 2146 1318 2173 marmora
1343 2132 1532 2173 clamant

346 2223 511 2263 semper
535 2214 579 2250 et
603 2209 782 2249 adsiduo
806 2214 959 2262 ruptae
983 2208 1139 2248 lectore
1163 2207 1394 2248 columnae.

347 2288 542 2338 expectes
566 2283 712 2324 eadem
736 2297 760 2323 a
784 2296 951 2324 summo
976 2282 1239 2336 minimoque
1263 2286 1397 2336 poeta.

235 2369 275 2401 15
346 2363 390 2400 et
414 2372 489 2399 nos
514 2371 613 2413 ergo
637 2371 814 2398 manum
838 2357 999 2398 ferulae
1024 2356 1317 2405 subduximus,
1341 2362 1385 2399 et
1409 2370 1484 2398 nos

346 2434 574 2476 consilium
598 2433 794 2474 dedimus
819 2432 973 2481 Sullae,
997 2433 1193 2486 priuatus
1219 2437 1267 2474 ut
1291 2432 1431 2473 altum

347 2509 565 2550 dormiret.
636 2508 771 2549 stulta
795 2512 860 2549 est
884 2507 1123 2556 clementia,
1147 2520 1245 2547 cum
1269 2512 1336 2548 tot
1362 2507 1519 2562 ubique

345 2583 521 2624 uatibus
545 2596 749 2631 occurras,
774 2582 990 2636 periturae
1014 2595 1185 2636 parcere
1204 2582 1385 2623 chartae.

346 2672 421 2700 cur
444 2663 589 2701 tamen
613 2658 692 2699 hoc
716 2658 860 2712 potius
885 2657 1017 2698 libeat
1042 2657 1260 2698 decurrere
1285 2671 1435 2711 campo

278 2749 298 2778 2
314 2747 412 2779 cordi
427 2747 479 2778 Ps
496 2746 631 2778 Seruius
648 2745 747 2786 Verg.
764 2745 847 2776 Aen.
864 2753 903 2776 XI
922 2745 993 2783 458,
1014 2744 1111 2776 codri
1133 2744 1229 2776 vind.
1251 2744 1288 2776 Ψ
1312 2745 1446 2777 Seruius
1463 2746 1545 2777 Aen.
1567 2754 1579 2776 1
1597 2756 1628 2787 p.
1650 2749 1667 2777 4
1686 2745 1707 2778 l.
1728 2748 1747 2777 2

215 2796 265 2830 ed.
281 2797 371 2831 Thil.
464 2803 483 2831 3
499 2799 664 2838 togatam
680 2796 809 2829 G.L.K.
828 2805 867 2828 Ν
884 2806 914 2838 p.
937 2796 998 2827 524
1090 2800 1108 2828 6
1126 2798 1280 2829 scribtus
1297 2798 1323 2829 P
1339 2797 1529 2839 similiaque
1545 2796 1636 2836 alibi,
1655 2796 1749 2829 uelut

214 2856 270 2880 V11
288 2851 327 2881 61
344 2850 436 2881 inobs
451 2860 526 2881 cum
543 2850 644 2881 Arou.
737 2853 777 2880 16
794 2849 905 2889 syllae
924 2849 1085 2880 dedimus
1101 2850 1158 2881 AL
1174 2848 1276 2880 schol.
1299 2849 1384 2881 Stat.
1401 2848 1505 2881 Theb.
1526 2857 1539 2880 1
1557 2850 1618 2881 389

1590 2908 1615 2937 B
