1947 3145
766 100 1001 142 SATVRA
1038 101 1152 142 XIV
1635 103 1657 142 1
1667 102 1691 142 3
1701 103 1727 144 3

332 220 376 256 et
400 214 561 257 Cereris
585 216 685 258 licet
709 221 752 258 et
778 217 955 270 Cybeles
979 218 1127 259 aulaea
1151 218 1395 272 relinquas:

331 294 456 332 tanto
479 292 655 332 maiores
679 292 866 332 humana
889 294 1057 347 negotia
1080 293 1180 334 ludi.

196 374 259 406 265
330 378 386 406 an
410 366 547 420 magis
572 367 785 408 oblectant
809 368 1002 409 animum
1026 368 1184 409 iactata
1206 373 1383 422 petauro

331 453 504 495 corpora
528 442 687 496 quique
711 443 817 483 solet
841 448 1006 484 rectum
1030 444 1276 485 descendere
1300 444 1459 492 funem,

331 529 459 569 quam
484 521 546 565 tu,
571 516 748 571 Corycia
773 531 936 571 semper
959 519 1033 572 qui
1056 533 1197 574 puppe
1216 519 1388 560 moraris

331 595 460 644 atque
484 591 665 641 habitas,
688 606 781 633 coro
806 606 967 646 semper
990 593 1203 635 tollendus
1227 598 1271 635 et
1294 598 1449 643 austro,

330 665 521 719 perditus
544 680 592 707 ac
617 667 769 708 similis
793 668 900 708 sacci
924 674 1129 709 mercator
1152 669 1318 717 olentis,

196 747 260 782 270
330 741 406 795 qui
429 741 585 795 gaudes
609 743 768 797 pingue
792 743 992 797 antiquae
1017 743 1067 784 de
1091 744 1215 785 litore
1241 744 1392 785 Cretae

330 829 501 869 passum
525 821 568 857 et
591 817 828 871 municipes
854 818 972 859 Iouis
995 818 1217 859 aduexisse
1242 819 1446 873 lagonas?

329 891 401 931 hic
425 895 569 932 tamen
593 892 774 946 ancipiti
799 893 932 947 figens
956 894 1139 948 uestigia
1162 894 1311 948 planta

331 967 497 1007 uictum
521 967 596 1007 illa
620 968 810 1009 mercede
834 973 966 1022 parat,
991 969 1270 1023 brumamque
1295 969 1534 1025 famemque

329 1041 406 1081 illa
429 1045 537 1082 reste
562 1047 684 1083 cauet
705 1058 712 1083 :
749 1048 798 1084 tu
821 1048 993 1096 propter
1016 1043 1133 1084 mille
1158 1044 1321 1084 talenta

195 1125 260 1158 275
329 1120 374 1156 813
397 1120 570 1157 centum
594 1117 723 1157 uillas
747 1118 1004 1159 temerarius.
1076 1119 1214 1172 aspice
1239 1123 1388 1172 portus

331 1195 376 1232 et
398 1190 574 1244 plenum
593 1192 760 1245 magnis
780 1193 974 1233 trabibus
993 1206 1130 1234 mare:
1165 1193 1263 1247 plus
1282 1194 1506 1235 hominum
1524 1199 1588 1236 est
1607 1195 1695 1236 iam

330 1266 376 1306 in
400 1265 561 1320 pelago.
631 1268 779 1308 ueniet
803 1267 960 1316 classis,
984 1281 1253 1322 quocumque
1277 1270 1443 1311 uocarit

330 1354 423 1395 spes
446 1341 566 1390 lucri,
589 1354 665 1382 nec
690 1341 973 1396 Carpathium
1000 1343 1265 1397 Gaetulaque
1291 1348 1463 1385 tantum

329 1429 508 1470 aequora
533 1416 759 1465 transiliet,
784 1416 857 1457 sed
880 1417 1003 1472 longe
1029 1417 1158 1471 Calpe
1182 1418 1327 1459 relicta

194 1501 258 1533 280
327 1491 476 1533 audiet
499 1491 710 1532 Herculeo
735 1492 987 1533 stridentem
1011 1493 1181 1548 gurgite
1206 1493 1346 1534 solem.

330 1566 486 1621 grande
510 1580 654 1620 operae
677 1567 863 1621 pretium
888 1571 963 1616 est,
986 1572 1037 1608 ut
1061 1573 1182 1608 tenso
1207 1568 1307 1609 folle
1330 1570 1488 1610 reuerti

330 1641 430 1682 inde
452 1641 627 1682 domum
650 1642 785 1695 possis
810 1642 1063 1696 tumidaque
1088 1643 1291 1697 superbus
1315 1644 1446 1693 aluta,

332 1717 490 1758 Oceani
514 1721 701 1758 monstra
725 1722 768 1757 et
793 1717 970 1758 iuuenes
994 1718 1153 1759 uidisse
1177 1719 1374 1759 marinos.

331 1806 417 1832 non
442 1805 553 1832 unus
577 1796 742 1832 mentes
766 1792 900 1846 agitat
925 1792 1045 1833 furor.
1115 1792 1189 1834 ille
1213 1794 1365 1835 sororis

196 1878 260 1910 285
332 1869 377 1908 in
402 1867 602 1907 manibus
625 1866 754 1907 uultu
778 1866 1067 1907 Eumenidum
1092 1872 1276 1909 terretur
1301 1873 1345 1909 et
1374 1869 1476 1924 igni,

332 1943 404 1983 hic
426 1942 532 1983 boue
555 1955 749 1996 percusso
774 1942 940 1996 mugire
963 1943 1285 1997 Agamemnona
1309 1944 1439 1985 credit

330 2022 407 2060 aut
432 2017 658 2058 Ithacum:
694 2022 836 2071 parcat
861 2018 1022 2058 tunicis
1045 2018 1145 2058 licet
1171 2023 1300 2072 atque
1326 2019 1517 2069 lacernis,

329 2093 538 2135 curatoris
562 2098 657 2148 eget
682 2094 755 2146 qui
780 2106 934 2133 nauem
958 2093 1170 2134 mercibus
1194 2094 1346 2148 implet

259 2192 322 2222 265
342 2197 420 2221 —uro
438 2188 474 2219 in
494 2187 559 2219 fine
580 2198 643 2219 om.
661 2189 687 2219 P
774 2192 835 2220 269
861 2187 925 2219 del.
950 2188 1165 2220 Hermannus
1252 2198 1293 2221 ac
1318 2189 1476 2227 similis*
1498 2199 1539 2223 ac
1563 2191 1646 2223 uilis
1671 2193 1733 2224 PU

191 2239 328 2283 aliique,
344 2249 368 2272 a.
383 2241 504 2272 siculis
514 2238 561 2271 Ψ.
597 2240 750 2279 perditus
765 2238 970 2281 intellegunt
981 2240 1105 2279 audaae,
1122 2240 1207 2272 uilis
1222 2240 1388 2273 adiectiuo
1404 2241 1534 2273 nullam
1550 2242 1732 2276 inueniunt

193 2291 474 2334 significationem
497 2301 580 2333 quae
606 2301 674 2322 non
700 2295 759 2323 aut
785 2291 988 2323 alienissima
1013 2292 1059 2323 sit
1083 2291 1192 2332 (uelut
1214 2295 1423 2333 contemptus)
1448 2296 1508 2325 aut
1534 2294 1605 2325 uim
1629 2294 1732 2327 faciat

193 2343 339 2376 sermoni
356 2343 478 2375 Latino
495 2342 604 2382 (uelut
620 2346 715 2374 tuam
730 2343 797 2382 ipse
811 2344 954 2374 salutem
968 2345 1077 2383 parui
1087 2344 1256 2384 pendens).
1305 2344 1391 2376 mihi
1410 2346 1562 2386 perditus
1577 2356 1636 2387 pro
1659 2356 1730 2378 con-

183 2396 305 2436 fectus,
335 2395 461 2427 similis
486 2404 546 2436 pro
570 2395 714 2426 concolor
736 2393 827 2433 (uide
851 2394 934 2426 Hor.
961 2394 1055 2436 epod.
1085 2396 1125 2426 10
1149 2397 1167 2426 6
1186 2396 1302 2435 pallor
1325 2397 1442 2436 luteus,
1464 2396 1560 2439 Verg.
1589 2397 1663 2430 buc.
1692 2406 1731 2429 1v

194 2450 235 2480 44
258 2458 362 2480 croceo
386 2447 465 2486 luto,
489 2446 575 2478 Ciris
599 2447 660 2480 317
688 2447 819 2487 Corycio
842 2448 925 2486 luto)
950 2447 1098 2488 positum
1121 2447 1267 2487 uidetur,
1294 2450 1334 2480 ut
1357 2448 1498 2480 conferri
1522 2449 1628 2491 possit
1655 2449 1730 2482 Seu.

193 2510 247 2542 ep.
281 2500 343 2531 108
375 2498 415 2531 37
454 2501 556 2530 rector
586 2499 724 2539 nauigii
756 2499 916 2530 attonitus
948 2501 976 2529 et
1007 2500 1185 2531 immitam.
1243 2499 1363 2531 melius
1400 2510 1478 2531 sane
1516 2503 1550 2532 et
1584 2501 1733 2542 apertius

194 2551 363 2584 Martialis
378 2559 417 2583 VI
442 2549 482 2584 77
500 2552 519 2582 8
543 2561 688 2591 quaeque
711 2550 803 2582 uehit
827 2551 1000 2582 similem
1024 2551 1119 2582 belua
1143 2552 1244 2592 niqra
1264 2552 1373 2592 Libyn
1397 2554 1431 2584 et
1451 2561 1508 2584 ΧΠ
1531 2554 1569 2585 31
1594 2554 1613 2584 6
1636 2564 1732 2594 quae-

193 2613 254 2645 que
273 2605 357 2645 ρετ-ἐι
380 2604 534 2635 similes
556 2603 703 2634 candida
723 2603 830 2634 turris
852 2613 940 2642 aues,
964 2603 1023 2634 ubi
1046 2602 1235 2635 similitudo
1258 2603 1384 2636 additis
1406 2605 1508 2645 niqra
1530 2607 1566 2636 et
1587 2606 1734 2636 candida

195 2655 372 2689 adiectiuis
389 2655 570 2687 definitur:
595 2666 615 2686 a
632 2654 802 2687 quenalis
818 2655 986 2687 sententia
1007 2666 1075 2687 non
1097 2656 1167 2687 sine
1189 2656 1402 2688 excusatione
1418 2656 1588 2688 aberrauit
1603 2655 1632 2688 Σ
1652 2657 1735 2689 haec

195 2707 371 2746 adnotans,
397 2708 452 2739 uel
477 2718 515 2739 ex
540 2708 700 2739 sententia
726 2707 811 2739 tali:
838 2710 875 2739 tu
893 2708 1009 2748 fetide,
1035 2708 1065 2739 si
1092 2709 1206 2739 tamen
1232 2708 1279 2740 sic
1306 2709 1441 2751 scripsit
1467 2719 1504 2740 ac
1530 2719 1598 2740 non
1621 2709 1735 2750 potius

196 2760 314 2791 mercis
335 2784 342 2792 .
372 2784 379 2793 .
408 2784 416 2792 .
443 2769 482 2791 em
497 2760 642 2791 sentinae
659 2759 748 2790 alita
756 2759 893 2799 fetidae.
943 2758 984 2790 de
999 2759 1062 2791 hoc
1078 2758 1149 2791 loco
1165 2759 1232 2791 iam
1249 2759 1322 2791 dixi
1337 2760 1373 2791 in
1390 2760 1492 2802 praef.
1512 2760 1555 2792 ad
1572 2760 1690 2792 Manil.
1708 2769 1733 2799 1,

197 2820 229 2852 p.
263 2811 370 2843 xxxvi
468 2815 531 2843 270
561 2811 692 2851 pingue
726 2811 881 2848 PAPTU,
915 2811 1040 2851 pingui
1074 2811 1160 2843 GLO
1259 2815 1321 2844 277
1352 2813 1491 2845 uocarit
1525 2822 1590 2846 om.
1623 2813 1650 2845 P

241 2866 304 2896 287
320 2863 473 2895 lacernis
488 2861 563 2902 ΡΨ,
582 2863 728 2895 lacertis
743 2863 806 2895 AG
