1947 3145
157 244 223 275 225

162 620 226 651 230

163 996 225 1028 235

161 1372 227 1403 240

737 112 973 155 SATVRA
1008 110 1121 151 XIV
1597 105 1618 145 1
1631 102 1688 144 23

291 247 376 274 non
401 233 523 288 quasi
548 233 756 274 fortuitus
781 245 856 272 nec
881 234 1111 271 uentorum
1135 226 1252 268 rabie
1277 224 1350 266 sed

294 309 431 350 iratus
455 307 580 349 cadat
604 308 650 348 in
675 312 806 348 terras
830 310 873 347 et
897 305 1057 346 iudicet
1081 303 1204 358 ignis.

294 384 371 425 illa
394 384 507 424 nihil
530 383 690 431 nocuit,
714 396 816 423 cura
839 381 1031 436 grauiore
1056 379 1233 420 timetur

295 460 491 514 proxima
515 463 746 513 tempestas
769 457 892 498 uelut
914 457 992 497 hoc
1016 455 1152 496 dilata
1177 465 1331 494 sereno,

295 540 526 589 praeterea,
549 534 697 575 lateris
720 533 846 588 uigili
870 547 968 573 cum
992 532 1108 572 febre
1132 529 1320 571 dolorem

296 610 333 650 si
356 622 526 663 coepere
549 609 652 662 pati,
676 608 858 648 missum
883 607 936 648 ad
960 621 1036 648 sua
1059 619 1233 659 corpora
1257 603 1453 644 morbum

296 684 453 725 infesto
477 683 657 725 credunt
675 697 699 723 a
723 683 923 733 numine3
958 695 1058 722 saxa
1082 681 1255 722 deorum

296 760 399 800 haec
422 763 466 800 et
490 759 576 800 tela
599 763 768 813 putant.
838 757 1044 812 pecudem
1064 755 1267 810 spondere
1291 753 1443 795 sacello

297 834 514 876 balantem
537 839 580 875 et
604 834 784 875 Laribus
806 834 977 874 cristam
1002 833 1253 887 promittere
1277 830 1382 885 galli

298 923 384 951 non
409 910 596 960 audent3
631 909 736 963 quid
761 909 877 950 enim
902 922 1071 963 sperare
1097 906 1349 948 nocentibus
1374 904 1512 957 aegris

294 988 573 1026 concessum?
641 985 712 1026 uel
737 998 843 1039 quae
868 999 955 1025 non
980 984 1146 1038 dignior
1171 982 1311 1023 hostia
1335 980 1428 1021 uita
1446 981 1460 1019 22

297 1060 469 1102 mobilis
492 1067 535 1102 et
558 1061 679 1101 uaria
703 1066 766 1102 est
791 1060 923 1101 ferme
948 1065 1103 1101 natura
1126 1059 1362 1099 malorum:

298 1150 396 1177 cum
419 1135 555 1177 scelus
578 1135 831 1184 admittunt,
855 1141 1044 1190 superest
1067 1133 1337 1183 constantia3
1373 1129 1485 1185 quod
1511 1129 1576 1169 fas

299 1217 429 1265 atque
453 1211 584 1261 nefas,
609 1212 785 1252 tandem
810 1211 1027 1265 incipiunt
1052 1210 1210 1251 sentire
1233 1207 1416 1263 peractis

298 1287 560 1328 criminibus.
633 1293 779 1327 tamen
803 1286 857 1326 ad
882 1299 1020 1326 mores
1044 1290 1200 1326 natura
1224 1283 1405 1324 recurrit

295 1362 519 1404 damnatos
544 1363 629 1402 fixa
654 1367 697 1403 et
722 1362 883 1403 mutari
907 1361 1058 1402 nescia.
1128 1374 1230 1400 nam
1255 1358 1352 1413 quis

301 1438 505 1492 peccandi
529 1439 660 1479 finem
684 1438 829 1492 posuit
853 1437 964 1478 sibi?
1033 1436 1202 1490 quando
1228 1434 1387 1488 recepit

300 1514 485 1555 eiectum
509 1514 640 1555 semel
664 1514 817 1554 attrita
842 1513 891 1554 de
916 1513 1057 1554 fronte
1083 1512 1311 1553 ruborem?

301 1590 502 1644 quisnam
526 1590 752 1630 hominum
777 1594 840 1630 est
865 1602 992 1643 quem
1017 1594 1066 1629 tu
1090 1592 1342 1628 contentum
1367 1584 1523 1625 uideris
1548 1595 1633 1623 uno

300 1665 497 1720 flagitio?
566 1665 688 1706 dabit
712 1666 759 1705 in
783 1664 984 1718 laqueum
1008 1663 1192 1717 uestigia
1216 1666 1361 1703 noster

298 1740 488 1795 perfidus
511 1745 554 1781 et
579 1740 690 1795 nigri
714 1740 904 1793 patietur
928 1739 1106 1780 carceris
1129 1751 1289 1778 uncum

300 1820 376 1857 aut
401 1816 532 1856 maris
554 1815 715 1870 Aegaei
735 1828 884 1868 rupem
904 1813 1180 1868 scopulosque
1204 1812 1449 1866 frequentes

302 1890 503 1932 exulibus
527 1890 705 1945 magnis.
776 1903 912 1943 poena
935 1888 1138 1944 gaudebis
1162 1901 1306 1929 amara

303 1966 492 2007 nominis
516 1966 649 2006 inuisi
674 1964 933 2018 tandemque
952 1964 1137 2004 fatebere
1161 1963 1301 2004 laetus

302 2055 378 2083 nec
401 2041 577 2083 surdum
602 2054 679 2081 nec
704 2040 902 2081 Teresian
928 2053 1185 2094 quemquam
1210 2051 1298 2080 esse
1323 2037 1508 2078 deorum.

773 2251 977 2287 SATVRA
1014 2252 1108 2286 XIV

308 2361 496 2402 Plurima
521 2366 635 2409 sunt,
660 2361 853 2409 Fuscine‚
877 2365 920 2401 et
944 2360 1057 2401 fama
1080 2360 1209 2415 digna
1235 2359 1409 2400 sinistra

305 2442 348 2479 et
372 2436 525 2478 nitidis
549 2436 761 2477 maculam
785 2436 1006 2477 haesuram
1030 2436 1207 2490 figentia
1230 2436 1354 2476 rebus

237 2546 299 2575 226
315 2542 449 2574 iudicet
465 2540 529 2573 ΡΨ
546 2540 637 2572 Seru.
655 2542 739 2572 Aen.
761 2549 799 2572 iv
822 2542 883 2571 209
901 2544 935 2572 et
950 2549 989 2572 vr
1009 2541 1047 2573 17
1051 2542 1079 2579 9,
1100 2542 1258 2573 uindicet
1274 2540 1345 2572 flor.
1367 2540 1519 2572 Parisina
1539 2539 1666 2582 aliique

214 2599 278 2627 236
294 2593 358 2626 del.
381 2593 522 2625 Iahnius
611 2597 673 2625 237
693 2594 778 2633 quid
793 2594 850 2624 fas
866 2594 897 2625 U
914 2593 984 2625 flor.
1006 2593 1218 2634 Frisingense

236 2672 327 2703 inter
342 2675 361 2703 1
378 2674 413 2702 et
429 2675 448 2702 2
465 2673 502 2702 et
517 2670 610 2711 quod
625 2671 800 2702 maiorum
819 2671 914 2702 uitia
933 2670 1035 2711 (uitio
1056 2669 1129 2711 AG)
1151 2672 1383 2711 sequiturque
1403 2671 1557 2703 minores
1573 2668 1620 2708 Ψ,
1641 2678 1707 2700 0111.

170 2724 231 2756 ΡΠ
246 2722 382 2765 aliique,
402 2721 499 2754 tituh·
522 2721 680 2763 reliquias
699 2721 840 2763 agnouit
864 2721 1006 2764 Lipsius,
1028 2721 1151 2764 quibus
1174 2732 1251 2753 cum
1275 2722 1377 2754 titulo
1401 2722 1437 2754 in
1460 2723 1486 2754 Ο
1508 2724 1543 2753 et
1566 2721 1651 2752 Brit.
1670 2721 1711 2751 15

171 2775 200 2807 B
215 2783 274 2807 ΧΠ
290 2775 416 2817 scripto
433 2777 467 2805 et
482 2784 558 2805 cum
575 2772 604 2805 Σ
620 2772 752 2805 collatis
768 2773 910 2805 efficitur
926 2774 964 2805 de
979 2775 1255 2813 institutionibus,
1275 2775 1362 2815 quod
1377 2774 1472 2805 mala
1490 2773 1659 2804 institutio
1673 2771 1714 2803 in

170 2830 334 2858 naturam
355 2827 466 2864 uertit,
493 2829 522 2857 et
544 2826 630 2866 quod
653 2827 822 2856 maiorum
845 2826 936 2857 uitia
957 2829 1144 2866 sequuntur
1166 2827 1310 2858 minores
1398 2829 1416 2857 2
1442 2826 1631 2857 haesuram
1656 2823 1713 2855 PT

172 2877 306 2919 aliique,
325 2886 467 2910 esuram
483 2878 519 2916 0,
541 2886 582 2909 ae
597 2886 724 2917 rugam
740 2876 778 2908 Ψ
