1947 3145
767 86 1001 128 SATVRA
1035 87 1103 127 VI
1639 90 1662 130 3
1672 90 1698 129 9

301 208 508 245 ornentur
532 208 673 258 postes
698 209 741 245 et
765 205 919 258 grandi
943 204 1073 245 ianua
1097 203 1229 253 lauro,

188 288 230 320 80
299 283 349 320 ut
373 279 616 321 testudineo
640 279 734 328 tibi,
757 280 951 329 Lentule,
975 294 1160 334 conopeo

300 355 456 396 nobilis
480 354 719 409 Euryalum
745 360 820 395 aut
846 356 1166 396 murmillonem
1190 356 1404 410 exprimat
1430 355 1584 396 infans.

301 434 438 484 nupta
462 430 647 470 senatori
671 430 876 472 comitata
900 435 963 471 est
988 431 1128 485 Eppia
1152 431 1303 472 ludum

299 505 354 546 ad
378 505 550 546 Pharon
574 508 618 546 et
642 505 796 546 Nilum
822 506 1066 560 famosaque
1090 507 1258 547 moenia
1282 506 1387 561 Lagi

297 579 491 635 prodigia
515 584 559 621 et
583 593 720 621 mores
744 581 861 621 urbis
887 581 1120 622 damnante
1147 582 1330 635 Canopo.

186 666 227 697 85
297 655 508 696 inmemor
531 655 606 696 illa
631 655 780 696 domus
805 661 849 697 et
873 657 1065 711 coniugis
1084 662 1213 711 atque
1238 657 1392 698 sororis

297 731 362 771 nil
385 731 551 784 patriae
575 731 769 780 indulsit,
793 731 1095 785 plorantesque
1121 733 1316 786 improba
1340 737 1464 773 natos

298 810 433 860 utque
457 806 594 860 magis
618 811 789 860 stupeas
813 806 935 848 ludos
960 807 1243 861 Paridemque
1267 807 1455 862 reliquit.

297 881 381 930 sed,
405 895 665 935 quamquam
690 883 735 922 in
760 883 926 937 magnis
951 883 1102 936 opibus
1126 884 1357 937 plumaque
1381 887 1559 938 paterna

295 961 339 998 et
363 958 641 1011 segmentatis
666 957 891 998 dormisset
915 958 1094 1011 paruula
1118 959 1251 1008 cunis,

183 1042 226 1075 90
294 1033 553 1087 contempsit
577 1032 777 1087 pelagus:
813 1033 971 1073 samam
996 1038 1306 1088 contempserat
1331 1034 1447 1083 olim,

295 1107 418 1148 cuius
442 1112 547 1162 aput
572 1107 721 1148 molles
746 1108 927 1148 minima
951 1113 1015 1149 est
1040 1109 1204 1150 iactura
1228 1109 1462 1150 cathedras.

293 1182 536 1236 Tyrrhenos
560 1182 693 1236 igitur
717 1182 872 1224 fluctus
901 1183 1070 1237 lateque
1095 1189 1320 1224 sonantem

295 1257 477 1312 pertulit
503 1258 678 1298 Ionium
703 1258 921 1298 constanti
946 1263 1126 1312 pectore,
1151 1260 1351 1312 quamuis

294 1332 554 1374 mutandum
580 1333 741 1374 totiens
767 1338 875 1373 esset
900 1347 1026 1374 mare.
1098 1335 1212 1374 iusta
1237 1335 1387 1388 pericli

182 1419 223 1450 95
293 1408 330 1450 si
354 1408 466 1449 ratio
490 1414 554 1449 est
579 1412 621 1449 et
647 1408 838 1456 honesta,
864 1409 1020 1449 timent
1039 1409 1281 1463 pauidoque
1305 1410 1507 1464 gelantur

292 1487 461 1538 pectore
485 1496 562 1524 nec
586 1483 782 1524 tremulis
807 1488 986 1537 possunt
1012 1484 1206 1525 insistere
1231 1484 1418 1539 plantis:

291 1559 448 1601 fortem
472 1559 666 1600 animum
692 1564 914 1613 praestant
932 1560 1055 1600 rebus
1080 1573 1186 1614 quas
1205 1560 1393 1614 turpiter
1418 1562 1590 1603 audent.

291 1635 328 1676 si
351 1634 500 1676 iubeat
524 1635 725 1682 coniunx,
750 1634 907 1674 durum
932 1640 996 1675 est
1020 1635 1298 1676 conscendere
1323 1650 1491 1686 nauem,

291 1715 398 1751 tunc
423 1710 592 1751 sentina
616 1710 773 1764 grauis,
798 1714 903 1750 tunc
927 1723 1120 1750 summus
1144 1710 1330 1751 uertitur
1354 1724 1450 1752 aer:

157 1795 220 1826 100
289 1798 397 1839 quae
422 1785 647 1826 moechum
672 1785 879 1838 sequitur,
904 1785 1124 1825 stomacho
1148 1785 1277 1827 ualet.
1346 1785 1422 1826 illa
1446 1787 1652 1829 maritum

290 1860 522 1909 conuomit,
548 1860 650 1900 haec
675 1860 789 1900 inter
814 1864 968 1900 nautas
993 1865 1035 1901 et
1060 1860 1244 1914 prandet
1268 1864 1311 1901 et
1336 1866 1451 1903 errat

289 1948 364 1990 per
385 1949 573 1989 puppem
598 1940 641 1976 et
667 1935 795 1975 duros
819 1935 974 1989 gaudet
1000 1940 1181 1976 tractare
1206 1935 1411 1977 rudentis.

290 2024 374 2065 qua
398 2015 543 2051 tamen
568 2011 729 2051 exarsit
749 2010 896 2059 forma,
921 2024 1006 2064 qua
1030 2015 1155 2064 capta
1179 2011 1360 2052 iuuenta

287 2085 459 2140 Eppia?
527 2086 631 2140 quid
656 2086 768 2127 uidit
787 2092 961 2140 propter
985 2086 1098 2140 quod
1122 2086 1241 2127 ludia
1267 2087 1351 2127 dici

153 2172 216 2203 105
287 2162 531 2203 sustinuit?
599 2175 700 2201 nam
726 2161 940 2216 Sergiolus
964 2162 1051 2201 iam
1075 2161 1219 2201 radere
1244 2166 1398 2216 guttur

287 2241 484 2291 coeperat
508 2241 550 2277 et
575 2242 688 2278 secto
712 2237 900 2290 requiem
924 2250 1089 2290 sperare
1115 2236 1296 2287 lacert03

288 2316 506 2367 praeterea
530 2313 671 2353 multa
696 2313 742 2352 in
767 2312 873 2353 facie
898 2312 1115 2361 deformia,
1140 2313 1250 2353 sicut

288 2388 468 2430 attritus
492 2388 636 2442 galeae
661 2388 896 2441 mediisque
921 2389 967 2428 in
992 2388 1168 2428 naribus
1193 2389 1344 2442 ingens

287 2463 441 2519 gibbus
464 2468 507 2504 et
531 2477 625 2504 acre
650 2463 812 2503 malum
837 2477 1000 2516 semper
1026 2462 1234 2504 stillantis
1258 2463 1390 2504 ocelli.

218 2555 259 2584 81
283 2552 349 2583 aut
371 2549 408 2582 Ψ
432 2552 466 2582 et
489 2560 589 2591 supra
610 2549 773 2591 scriptum
790 2551 824 2586 P,
843 2560 906 2581 om.
927 2550 998 2588 AU,
1020 2560 1133 2580 rasura
1149 2549 1248 2581 unius
1264 2549 1397 2582 litterae
1415 2550 1466 2590 (et
1481 2552 1521 2582 ut
1536 2550 1685 2590 uidetur)

151 2603 189 2635 in
212 2604 250 2639 0.
277 2603 549 2635 coniunctionem
573 2602 724 2643 agnoscit
747 2600 776 2632 Σ
864 2606 904 2633 82
933 2602 1039 2641 eppia
1061 2603 1096 2638 P,
1121 2603 1221 2642 ippia
1243 2601 1281 2633 Ψ
1369 2606 1409 2634 91
1436 2605 1526 2642 aput
1549 2613 1589 2634 ex
1616 2603 1687 2634 flor.

153 2654 253 2697 Sang.
273 2656 335 2688 ΤΠ
424 2658 465 2686 92
488 2663 643 2685 sonorum
667 2653 850 2691 Bentleius,
871 2653 928 2684 sed
947 2653 1024 2684 uide
1041 2653 1116 2686 Val.
1138 2654 1187 2686 Fl.
1208 2662 1247 2685 1v
1265 2653 1327 2686 715
1346 2654 1537 2694 Tyrrhenus
1624 2659 1686 2686 103

151 2708 301 2739 iuuenta
324 2707 456 2744 PAOU,
483 2706 632 2737 iuuenta
656 2707 712 2736 est
736 2706 848 2737 FGLT
937 2709 999 2736 104
1024 2706 1137 2745 Enpia
1161 2706 1197 2744 P,
1223 2707 1327 2745 Ippia
1349 2704 1387 2737 Ψ
1476 2710 1538 2738 108
1562 2707 1689 2746 galeae

152 2758 258 2791 Hadr.
276 2758 440 2797 Valesius,
460 2758 564 2798 galea
579 2755 654 2788 ΡΨ.
696 2756 824 2798 galeam
840 2756 979 2798 gibbum
996 2757 1084 2788 inter
1100 2767 1195 2788 nares
1212 2759 1331 2788 natum
1343 2759 1545 2789 atterentem
1561 2758 1685 2789 miror:

152 2813 322 2852 praeterea
343 2810 465 2842 uitiose
489 2808 640 2840 abundat
667 2819 727 2849 que
749 2808 927 2850 particula,
953 2808 1023 2840 siue
1046 2810 1184 2840 attritus
1205 2810 1301 2849 qalea
1324 2809 1364 2840 in
1386 2809 1588 2850 naribusque
1611 2820 1686 2841 con-

151 2862 325 2904 iungimus
362 2861 433 2893 siue
471 2862 608 2893 attritus
643 2860 739 2900 {scalea
769 2861 944 2901 inqensque
1031 2864 1093 2893 109
1125 2870 1264 2901 semper
1295 2861 1390 2900 PAT,
1426 2870 1531 2901 saepe
1561 2859 1598 2892 Ψ
