1947 3145
204 111 229 155 7
240 113 263 152 2
801 107 1128 150 IVVENALIS

334 229 494 284 exigite
518 232 568 269 ut
592 240 727 268 mores
752 231 918 268 teneros
943 238 1019 265 ceu
1041 224 1193 278 pollice
1218 223 1360 272 ducat,

335 309 384 345 ut
409 304 445 345 si
470 303 568 357 quis
592 316 684 343 cera
709 301 878 342 uoltum
902 300 1031 350 facit3
1067 299 1229 353 exigite
1254 302 1305 339 ut
1329 298 1387 339 sit

335 385 378 421 et
401 384 522 434 pater
546 378 682 432 ipsius
706 381 859 425 coetus,
884 389 937 416 ne
962 375 1103 429 turpia
1127 374 1292 423 ludant,

201 466 265 497 240
334 469 387 496 ne
411 455 572 495 faciant
597 452 788 493 uicibus:
824 465 908 491 non
932 455 996 491 est
1020 450 1112 490 leue
1137 454 1201 490 tot
1225 462 1455 503 puerorum

336 530 553 571 obseruare
578 540 728 567 manus
753 525 982 579 oculosque
1006 525 1052 565 in
1077 525 1161 565 fine
1185 523 1420 565 trementis.

335 610 344 625 ‘
359 603 485 646 haec'
510 602 656 656 inquit
681 605 690 621 ‘
709 614 834 652 cura;
869 600 952 649 sed,
975 614 1073 641 cum
1097 613 1140 640 se
1165 599 1343 640 uerterit
1367 610 1516 645 annus,

337 680 489 733 accipe,
513 677 668 719 uictori
691 676 876 730 populus
900 675 1013 730 quod
1036 674 1237 728 postulat,
1261 673 1436 714 aurum.’

793 888 998 924 SATVRA
1026 887 1132 923 VIII

338 1000 575 1041 Stemmata
599 997 704 1052 quid
728 997 907 1045 faciunt,
931 995 1035 1050 quid
1057 995 1239 1049 prodest,
1264 993 1452 1042 Pontice,
1475 992 1601 1048 longo

337 1074 545 1130 sanguine
569 1073 739 1122 censeri,
763 1073 900 1126 pictos
923 1071 1142 1112 ostendere
1166 1070 1317 1111 uultus

336 1151 547 1191 maiorum
571 1155 614 1192 et
639 1150 795 1191 stantis
819 1149 866 1190 in
890 1148 1081 1190 curribus
1104 1147 1369 1188 Aemilianos

336 1231 379 1266 et
404 1225 558 1266 Curios
582 1226 669 1266 iam
693 1224 893 1265 dimidios
917 1237 1146 1277 umeroque
1169 1223 1378 1263 minorem

247 1312 266 1342 5
337 1300 573 1342 Coruinum
597 1305 640 1342 et
666 1300 849 1341 Galbam
873 1298 1074 1340 auriculis
1099 1311 1286 1351 nasoque
1310 1302 1537 1346 carentem,

337 1376 431 1430 quis
455 1376 622 1417 fructus
647 1376 810 1430 generis
834 1375 981 1416 tabula
1005 1375 1162 1414 iactare
1186 1374 1329 1427 capaci

330 1451 549 1504 pontefices
573 1464 693 1505 posse
716 1464 765 1491 ac
788 1449 930 1490 multa
953 1449 1200 1503 contingere
1224 1449 1348 1503 uirga

267 1560 329 1588 240
353 1560 414 1588 241
431 1556 612 1588 quenalis
631 1565 697 1586 non
719 1557 796 1586 sunt
818 1553 926 1593 Valla,
947 1554 1065 1586 oculos
1089 1577 1096 1585 .
1125 1577 1132 1584 .
1162 1577 1169 1584 .
1196 1554 1384 1585 trementis
1408 1554 1578 1584 testantur
1601 1551 1738 1583 Seruius

203 1608 275 1640 buc.
298 1616 343 1638 111
367 1609 396 1647 8,
422 1606 524 1639 schol.
547 1606 635 1639 Pers.
658 1615 671 1637 1
694 1607 733 1637 18
823 1610 885 1637 242
909 1613 994 1637 cura.
1016 1605 1078 1636 sed
1101 1605 1130 1636 G
1153 1607 1186 1635 et
1209 1614 1296 1635 unus
1313 1603 1478 1645 Rupertii,
1499 1612 1603 1635 curas
1621 1604 1658 1635 et
1673 1600 1739 1634 ΡΨ

203 1664 274 1692 tam
298 1669 398 1701 supra
421 1658 559 1690 modum
588 1657 729 1689 moleste
755 1659 795 1689 ut
819 1658 878 1688 uix
903 1656 1008 1688 oculis
1033 1656 1102 1687 suis
1128 1655 1312 1687 credituros
1337 1658 1487 1697 posteros
1518 1657 1635 1697 putem
1663 1663 1740 1685 cum

203 1712 284 1743 haec
308 1710 397 1753 apud
422 1710 580 1742 Iahnium
602 1714 636 1742 et
658 1711 791 1741 nostrae
815 1708 935 1740 aetatis
957 1707 1100 1739 editores
1123 1707 1310 1746 inueniant,
1331 1716 1432 1739 cures
1453 1709 1490 1739 et
1513 1706 1582 1746 alii,
1603 1715 1688 1738 cura
1703 1708 1741 1738 et

207 1764 308 1795 Burn.
330 1765 400 1795 192.
451 1762 537 1794 mihi
553 1761 767 1804 aptissimum
783 1760 919 1792 uidetur
938 1769 1038 1792 cures
1059 1762 1099 1792 at
1117 1770 1122 1790 :
1156 1759 1312 1791 similiter
1328 1759 1364 1790 in
1380 1757 1550 1790 codicibus
1566 1762 1740 1800 peccatum

202 1819 255 1847 est
270 1825 369 1847 uersu
386 1816 438 1853 80,
457 1818 485 1846 et
499 1824 549 1846 sa·
567 1824 626 1856 pro
643 1817 678 1845 at
693 1823 737 1845 se-

270 1896 289 1924 2
312 1892 436 1923 uultus
459 1901 524 1923 om.
553 1891 578 1922 P
665 1894 686 1922 4
708 1890 923 1929 humeroque
948 1887 1146 1920 Dresdensis
1170 1887 1201 1919 D
1227 1888 1298 1926 155,
1321 1896 1530 1927 umerosque
1552 1887 1578 1918 P
1601 1885 1736 1929 aliique,

203 1952 400 1984 nasumque
425 1941 472 1974 Ψ.
520 1951 650 1974 umeros
672 1942 844 1979 minorem,
871 1939 962 1982 quod
984 1940 1185 1981 interpretes
1209 1949 1321 1971 secure
1346 1949 1405 1981 pro
1429 1939 1555 1970 umeris
1578 1939 1741 1969 minorem

205 1995 276 2026 siue
307 1995 431 2032 ἄνωμον
462 1993 645 2035 accipiunt,
680 1992 799 2023 Latine
835 1991 1004 2033 significat
1040 2000 1170 2022 umeros
1204 1992 1347 2021 ‘minores
1378 1990 1476 2031 (puta
1510 1988 1741 2020 bracchiorum

206 2046 348 2085 iactura)
373 2046 550 2083 habentem,
577 2044 665 2076 sicut
689 2043 725 2075 in
751 2042 809 2075 Sil.
833 2051 879 2074 111
902 2045 942 2074 42
969 2043 1082 2084 (quem
1106 2041 1216 2073 locum
1242 2041 1441 2073 adscribunt
1466 2040 1610 2072 editores
1633 2050 1740 2082 neque

206 2097 288 2140 quid
312 2097 447 2129 intersit
469 2095 763 2134 animaduertunt)
778 2096 927 2134 frontem
949 2095 1061 2125 minor
1084 2092 1251 2125 Achelous
1274 2092 1408 2132 dicitur,
1430 2103 1499 2124 non
1520 2092 1573 2123 cui
1595 2091 1742 2123 frontem

205 2159 300 2181 suam
314 2148 372 2180 sed
386 2149 480 2180 cuius
498 2147 603 2179 fronti
616 2157 718 2178 cornu
733 2145 895 2177 Hercules
907 2145 1077 2187 eripuerit.
1118 2155 1236 2175 uerum
1253 2144 1316 2175 hoc
1328 2154 1426 2175 uersu
1438 2154 1567 2175 ‘emneros
1578 2144 1741 2175 minorem

206 2211 265 2243 pro
283 2201 442 2232 bracchiis
457 2203 617 2231 carentem
638 2198 720 2230 adeo
737 2198 873 2229 obscure
895 2197 1025 2229 dictum
1048 2196 1185 2228 uidetur
1206 2201 1245 2227 ut
1265 2196 1323 2227 uix
1346 2195 1501 2227 dubitem
1524 2195 1607 2236 quin
1627 2205 1742 2226 umero

206 2252 248 2284 ad
273 2252 333 2283 illa
360 2252 477 2283 Curios
500 2275 507 2282 .
537 2275 544 2283 .
573 2275 579 2282 .
608 2250 769 2282 dimidios
796 2260 814 2280 a
840 2248 978 2280 librario
1004 2247 1293 2279 accommodatum
1321 2247 1368 2279 sit
1455 2251 1474 2278 5
1500 2247 1690 2279 Coruinum
1714 2247 1741 2278 P

208 2303 324 2335 Dresd.
342 2302 373 2334 D
391 2305 451 2335 155
474 2302 607 2344 aliique,
629 2303 772 2334 Coruini
795 2299 832 2332 Ψ
921 2305 939 2333 7
963 2302 1082 2342 utpote
1105 2300 1205 2331 initio
1227 2309 1385 2330 mancum
1409 2308 1473 2330 om.
1493 2297 1541 2337 Ψ,
1564 2297 1692 2330 habent
1715 2298 1741 2330 P

207 2355 309 2387 Paris.
346 2354 430 2387 7906
463 2354 547 2386 Brit.
584 2355 687 2385 30861
713 2363 790 2384 cum
819 2352 933 2394 paucis
966 2351 1050 2390 aliis,
1086 2361 1229 2393 quorum
1259 2349 1418 2381 nonnulli
1448 2360 1581 2381 uersum
1612 2352 1690 2380 ante
1722 2350 1740 2380 5

206 2406 393 2438 collocant:
418 2405 541 2437 ultima
556 2405 657 2436 uerba
673 2405 917 2446 interpretatur
935 2402 964 2435 Σ
1051 2402 1269 2443 pontifices*
1292 2403 1481 2433 Coruinum
1504 2402 1530 2433 P
1553 2400 1676 2442 aliique
1699 2409 1741 2431 ex

205 2469 236 2490 u.
255 2460 286 2497 5,
306 2458 504 2490 Fabricium
519 2456 578 2488 alii
594 2456 693 2498 paulo
710 2456 828 2487 scitius
849 2454 1058 2496 interpolati,
1079 2455 1219 2485 nomina
1240 2457 1283 2485 tot
1306 2453 1499 2491 Withofius,
1520 2452 1590 2494 qui,
1608 2453 1649 2482 ut
1669 2454 1741 2482 erat

206 2510 260 2542 uir
275 2512 394 2541 acutus
410 2510 445 2540 et
460 2507 570 2540 multo
586 2518 687 2549 quam
704 2508 763 2549 qui
781 2506 977 2539 quenalem
995 2505 1174 2537 ediderunt
1190 2504 1469 2546 circumspectior,
1487 2513 1594 2545 neque
1610 2502 1741 2534 nomini

206 2562 339 2604 proprio
366 2561 422 2592 hic
449 2560 558 2591 locum
584 2570 652 2591 esse
680 2559 852 2591 intellexit
883 2569 990 2600 neque
1020 2558 1158 2590 omnino
1189 2556 1370 2599 singularis
1400 2555 1531 2587 numeri
1562 2553 1735 2586 uocabulo.

200 2614 369 2656 pontifices
384 2615 520 2654 propter
543 2611 752 2653 insequentis
775 2611 866 2642 uocis
890 2611 1029 2642 initium
1053 2609 1188 2647 excidit,
1210 2607 1494 2651 quemadmodum
1510 2609 1638 2647 potores
1660 2607 1740 2637 ante

200 2668 350 2706 porrecta
365 2664 526 2695 omissum
542 2666 592 2694 est
608 2663 689 2694 Hor.
708 2663 804 2704 epist.
820 2671 832 2693 1
857 2664 896 2694 18
921 2664 962 2693 92
986 2665 1019 2693 et
1043 2661 1079 2692 in
1103 2661 1173 2692 eius
1197 2660 1307 2692 locum
1331 2659 1556 2691 substitutum
1580 2657 1741 2694 oderunt;

204 2717 287 2748 item
304 2714 394 2758 apud
413 2713 608 2747 quenalem
625 2722 649 2745 v
667 2715 728 2745 114
748 2715 878 2745 anseris
897 2716 1057 2755 sequente
1081 2716 1156 2744 ante
1179 2711 1355 2743 intercidit
1371 2711 1407 2742 in
1424 2711 1452 2742 T
1468 2712 1503 2741 et
1519 2708 1622 2740 Paris.
1641 2708 1736 2741 7906.

206 2767 358 2800 uersibus
383 2767 444 2798 3-5
468 2766 618 2803 nomina,
644 2775 700 2796 uu.
729 2765 746 2798 ’ἲ
773 2768 807 2796 et
834 2767 852 2796 8
879 2764 1022 2796 honores
1049 2766 1265 2795 recensentur
1351 2771 1454 2802 posse
1477 2770 1518 2793 ac
1541 2759 1737 2798 Withofius‚

204 2821 354 2860 posthac
369 2820 395 2851 P
415 2817 549 2860 aliique,
570 2819 652 2857 post
674 2818 760 2848 haec
783 2816 852 2855 alii,
874 2827 959 2858 quae
982 2816 1143 2857 temporis
1167 2825 1204 2847 ac
1227 2823 1419 2857 progressus
1442 2812 1645 2855 significatio
1669 2815 1740 2844 tam

203 2871 314 2903 aliena
330 2873 380 2903 est
396 2880 497 2912 quam
514 2867 605 2911 quod
621 2868 767 2900 maxime
