1947 3145
279 90 300 128 1
311 91 367 131 28
876 87 1205 129 IVVENALIS

275 217 336 247 120
406 207 481 261 qui
506 207 686 247 miratur
710 219 820 260 opes,
844 206 919 259 qui
942 205 1061 246 nulla
1086 204 1282 257 exempla
1305 204 1420 245 beati

406 283 602 336 pauperis
628 295 713 322 esse
738 284 887 334 putat:
923 279 1099 320 iuuenes
1122 279 1319 319 hortatur
1342 283 1391 319 ut
1415 278 1491 319 illa

406 357 464 397 ire
489 357 561 397 uia
585 360 763 410 pergant
788 359 831 395 et
855 353 992 394 eidem
1016 354 1261 394 incumbere
1286 358 1432 394 sectae.

407 437 510 473 sunt
535 430 743 485 quaedam
768 429 977 470 uitiorum
1002 428 1225 477 elementa,
1248 429 1315 469 his
1339 428 1536 482 protinus
1560 427 1658 468 illos

406 507 550 546 inbuit
574 510 617 546 et
641 505 754 558 cogit
778 504 978 544 minimas
1003 503 1186 545 ediscere
1211 503 1377 554 sordes3

274 593 335 623 125
404 595 502 622 mox
528 579 780 634 adquirendi
804 579 925 620 docet
950 579 1192 620 insatiabile
1217 584 1379 620 uotum.

406 669 621 697 seruorum
646 659 818 695 uentres
841 654 983 694 modio
1007 655 1187 709 castigat
1212 654 1360 707 iniquo

405 732 493 785 ipse
517 743 684 784 quoque
709 729 909 778 esuriens,
928 743 1065 783 neque
1090 729 1204 769 enim
1229 729 1372 769 omnia
1390 728 1575 769 sustinet
1600 740 1805 782 umquam

405 805 573 846 mucida
597 804 779 844 caerulei
804 805 926 858 panis
950 817 1193 844 consumere
1220 804 1368 852 frusta,

404 881 651 921 hesternum
677 879 830 920 solitus
854 879 992 919 medio
1017 892 1184 919 seruare
1208 877 1394 919 minutal

273 966 332 996 130
404 954 646 1008 Septembri
670 968 745 995 nec
769 967 855 994 non
881 954 1048 994 differre
1072 954 1117 994 in
1142 958 1333 1007 tempora
1357 966 1482 994 cenae

403 1030 579 1071 alterius
603 1030 808 1070 conchem
833 1029 1042 1070 aestiuam
1066 1043 1164 1069 cum
1187 1033 1310 1082 parte
1334 1028 1488 1069 lacerti

405 1105 616 1160 signatam
641 1104 711 1144 uel
735 1103 913 1144 dimidio
938 1104 1138 1158 putrique
1163 1103 1307 1152 siluro,

405 1180 560 1234 filaque
585 1179 740 1220 sectiui
764 1183 988 1219 numerata
1014 1178 1230 1219 includere
1254 1178 1379 1233 porri.

404 1255 615 1295 inuitatus
639 1254 693 1294 ad
716 1254 818 1295 haec
841 1254 998 1308 aliquis
1023 1254 1073 1294 de
1097 1259 1227 1308 ponte
1252 1253 1435 1308 negabit.

273 1341 333 1372 135
405 1330 476 1372 sed
500 1344 583 1384 quo
609 1329 784 1370 diuitias
811 1330 914 1370 haec
938 1343 1013 1383 per
1038 1334 1252 1370 tormenta
1276 1334 1454 1377 coactas,

404 1419 501 1446 cum
526 1405 641 1445 furor
665 1405 772 1445 haut
797 1404 963 1452 dubius,
987 1418 1085 1444 cum
1110 1404 1167 1444 sit
1191 1404 1419 1445 manifesta
1442 1402 1672 1457 phrenesis,

406 1486 456 1522 ut
480 1480 666 1534 locuples
690 1480 893 1528 moriaris,
918 1479 1084 1533 egentis
1109 1479 1256 1519 uiuere
1281 1479 1403 1520 fato‘.2

406 1556 582 1604 interea,
607 1555 732 1608 pleno
757 1569 856 1595 cum
881 1559 1026 1608 turget
1051 1554 1244 1594 sacculus
1269 1567 1346 1603 ore,

405 1631 554 1672 crescit
578 1644 696 1671 amor
720 1629 899 1678 nummi,
923 1635 1136 1683 quantum
1161 1629 1252 1682 ipsa
1275 1628 1457 1683 pecunia
1481 1628 1628 1676 creuit,

274 1717 335 1747 140
404 1712 447 1747 et
472 1706 614 1746 minus
638 1705 748 1745 hanc
774 1709 896 1758 optat
921 1704 996 1758 qui
1021 1717 1107 1744 non
1131 1704 1270 1744 habet.
1343 1717 1441 1758 ergo
1465 1708 1641 1757 paratur

407 1780 539 1821 altera
564 1780 670 1820 uilla
695 1779 790 1828 tibi,
814 1793 911 1820 cum
935 1792 1006 1819 rus
1030 1792 1115 1819 non
1140 1778 1294 1819 sufficit
1319 1792 1468 1828 unum,

409 1861 452 1897 et
476 1855 656 1910 proferre
681 1855 786 1895 libet
812 1855 916 1894 fines
940 1854 1156 1907 maiorque
1181 1853 1351 1894 uidetur

407 1936 450 1972 et
475 1931 621 1971 melior
645 1930 790 1970 uicina
814 1942 956 1984 seges,
991 1929 1190 1970 mercaris
1213 1934 1256 1969 et
1282 1929 1390 1969 hanc
1416 1933 1458 1969 et

407 2007 576 2047 arbusta
601 2011 643 2046 et
667 2005 794 2046 densa
819 2010 1009 2045 montem
1033 2004 1108 2058 qui
1131 2009 1252 2045 canet
1277 2004 1401 2045 oliua.

275 2093 336 2123 145
407 2096 587 2136 quorum
613 2082 648 2122 si
672 2081 805 2135 pretio
831 2080 1027 2120 dominus
1052 2094 1138 2120 non
1163 2080 1350 2120 uincitur
1372 2079 1474 2128 ullo,

408 2163 531 2198 nocte
554 2157 682 2197 boues
707 2157 836 2196 macri
861 2155 1052 2209 lassoque
1077 2155 1271 2195 famelica
1294 2155 1403 2196 collo

407 2233 600 2273 iumenta
624 2232 677 2272 ad
700 2231 852 2271 uiridis
877 2231 1004 2271 huius
1030 2231 1262 2271 mittentur
1285 2231 1439 2271 aristas

339 2340 400 2368 120
424 2336 577 2368 miratur
600 2333 664 2373 ΡΣ,
687 2336 865 2366 mirantur
888 2333 925 2366 Ψ
1027 2335 1089 2374 qui
1111 2335 1181 2372 PU,
1205 2335 1243 2366 hi
1266 2333 1313 2373 Ψ,
1340 2335 1378 2366 111
1400 2335 1425 2365 F
1513 2337 1574 2366 121
1600 2334 1708 2374 putat
1734 2333 1803 2372 PU,

272 2390 404 2429 putant
427 2386 464 2419 Ψ
551 2389 717 2420 hortatur
740 2386 815 2425 ΡΨ,
841 2388 1033 2419 hortantur
1048 2388 1102 2419 Lo
1120 2386 1219 2417 Prisc.
1246 2386 1371 2418 G.L.K.
1391 2394 1420 2417 11
1437 2396 1468 2427 p.
1490 2387 1562 2417 304.
1607 2384 1808 2417 dissolutam

273 2440 458 2472 orationem
483 2442 634 2471 conectet
659 2438 713 2470 uel
737 2439 887 2470 hortatus
911 2438 965 2469 uel
991 2440 1198 2479 iuuenesque,
1224 2438 1291 2469 nisi
1316 2437 1401 2470 forte
1426 2440 1620 2479 contempta
1646 2435 1810 2468 Prisciani

273 2491 474 2523 auctoritate
501 2489 662 2522 delendus
689 2493 740 2522 est
766 2500 881 2521 uersus
910 2492 970 2521 119
1058 2491 1123 2522 ina
1149 2491 1243 2529 PFU,
1275 2491 1375 2522 illam
1401 2488 1438 2521 Ψ
1463 2489 1565 2521 Prisc.
1658 2492 1719 2520 122
1746 2489 1808 2520 uia

274 2544 367 2582 PFU,
395 2544 493 2575 uiam
519 2541 556 2573 Ψ
584 2541 686 2573 Prisc.
778 2544 929 2582 pergant
951 2540 989 2572 Ψ
1013 2541 1124 2581 Prisc„
1156 2544 1331 2582 peragant
1358 2543 1384 2574 P
1471 2546 1534 2573 124
1556 2541 1684 2573 nimias
1707 2540 1764 2572 0¹1·

318 2600 379 2627 125
405 2594 468 2626 del.
499 2593 638 2625 Iahnius
726 2598 788 2625 128
815 2595 933 2626 frusta
959 2595 1048 2626 AOT
1078 2598 1112 2625 et
1139 2604 1179 2625 ex
1206 2603 1286 2625 corr.
1315 2595 1349 2630 L,
1379 2594 1515 2625 frustra
1541 2592 1656 2624 PFGU
1744 2595 1806 2623 131

274 2650 438 2681 conchem
460 2645 551 2685 PSZ,
573 2647 725 2678 conchen
746 2647 787 2684 U,
807 2648 974 2678 concham
989 2645 1026 2677 Ψ
1114 2647 1290 2678 aestiuam
1312 2647 1380 2684 PU,
1401 2646 1542 2677 aestiua
1561 2646 1602 2683 A,
1621 2644 1754 2676 aestiui
1769 2641 1808 2674 Ψ

361 2705 423 2732 134
438 2700 583 2739 negabit
599 2697 646 2737 Ψ,
666 2699 812 2738 negauit
829 2700 888 2736 PS,
906 2700 1060 2738 negabat
1073 2699 1100 2730 Ο
1188 2703 1250 2730 135
1263 2699 1356 2738 quod
1372 2699 1450 2730 PSF
1537 2701 1598 2729 137
1615 2697 1735 2736 egenti
1746 2696 1808 2728 AG

360 2757 421 2785 139
446 2752 559 2784 creuit
581 2751 706 2787 PFTU,
733 2751 860 2781 crescit
887 2750 956 2781 flor.
990 2751 1089 2792 Sang.
1114 2751 1231 2782 AGLO
1319 2754 1382 2781 145
1409 2750 1523 2789 pretio
1550 2749 1712 2781 dominus
1733 2748 1803 2787 PU,

272 2805 435 2837 dominus
450 2803 565 2843 pretio
581 2800 619 2833 Ψ
700 2805 761 2832 147
778 2802 904 2833 uiridis
921 2812 960 2832 ex
977 2803 1002 2833 F
1082 2803 1188 2833 huius
1204 2812 1268 2833 om.
1286 2803 1322 2840 0,
1345 2810 1395 2833 -es
1411 2802 1516 2833 huius
1532 2800 1568 2832 in
1584 2810 1646 2832 ras.
1664 2799 1766 2832 habet
1782 2799 1808 2832 P

359 2856 550 2887 mittentur
565 2854 667 2892 ATU,
687 2854 861 2885 mitentur
877 2854 912 2892 P,
932 2855 1128 2885 mittuntur
1143 2854 1255 2885 FGLO
