1947 3145
203 101 228 141 3
238 101 262 141 8
800 94 1130 136 IVVENALIS

333 230 514 270 quarum
539 229 623 256 non
650 215 802 256 timeat
825 218 948 267 pater
973 212 1124 253 oscula.
1195 216 1315 253 necte
1340 224 1539 252 coronam

333 292 528 346 postibus
553 299 595 332 et
619 291 770 331 densos
793 302 868 342 per
892 288 1045 328 limina
1070 287 1197 328 tende
1221 287 1452 341 corymbos.

336 381 448 408 unus
472 366 706 407 Hiberinae
730 364 800 404 uir
824 362 1013 403 sufficit?
1081 362 1195 403 ocius
1220 362 1329 402 illud

335 441 618 495 extorquebis,
643 444 692 479 ut
716 439 820 479 haec
844 437 964 478 001110
987 442 1192 478 00010013
1217 437 1274 478 011
1298 450 1393 478 uno.

224 527 264 558 55
334 530 489 570 magna
514 520 658 556 tamen
681 513 796 553 fama
821 518 885 554 est
908 512 1128 553 cuiusdam
1153 526 1249 553 rure
1273 510 1485 566 ‘f‘paterno

336 591 536 632 uiuentis.
606 590 730 630 uiuat
756 588 916 637 Gabiis,
941 592 990 629 ut
1014 588 1129 628 uixit
1153 588 1199 628 in
1222 601 1334 642 agro,

336 666 458 707 uiuat
483 665 669 713 Fidenis,
694 669 738 705 et
762 663 898 718 agello
922 662 1023 704 cedo
1047 667 1235 717 paterno.

335 741 430 795 quis
455 745 597 781 tamen
622 739 822 780 adfirmat
846 738 910 778 nil
934 743 1078 779 actum
1103 738 1149 778 in
1172 738 1396 778 montibus
1421 742 1496 778 aut
1520 737 1566 777 10

334 815 579 870 speluncis?
648 814 750 854 adeo
775 817 1006 854 senuerunt
1033 813 1230 866 Iuppiter
1254 817 1297 853 et
1323 811 1473 852 Mars?

224 902 263 932 60
400 890 691 944 porticibusne
716 889 798 930 tibi
822 893 1088 929 monstratur
1112 887 1273 928 femina
1297 894 1397 928 uoto

336 965 466 1020 digna
491 967 598 1006 tuo?
666 964 812 1005 cuneis
837 977 891 1004 an
917 963 1078 1004 habent
1102 962 1344 1017 spectacula
1370 963 1473 1003 totis

334 1040 445 1094 quod
469 1054 639 1082 securus
663 1053 778 1080 ames
804 1038 1000 1093 quodque
1025 1037 1126 1078 inde
1150 1051 1372 1091 excerpere
1395 1038 1529 1092 possis
1549 1039 1563 1077 ἲ

335 1116 612 1157 chironomon
638 1115 796 1156 Ledam
815 1114 937 1155 molli
961 1113 1148 1154 saltante
1172 1113 1379 1167 Bathyllo

336 1191 490 1232 Tuccia
515 1191 678 1232 uesicae
703 1204 790 1230 non
814 1189 1008 1243 imperat,
1031 1187 1176 1242 Apula
1200 1188 1390 1242 longum,

220 1277 259 1307 65
331 1266 441 1307 sicut
466 1266 512 1306 in
537 1265 749 1320 ampleXU‚
773 1265 916 1306 subito
941 1269 984 1305 et
1008 1263 1249 1304 miserabile
1273 1263 1438 1317 gannit.

337 1341 527 1383 attendit
552 1340 782 1396 Thymele:
818 1339 1024 1395 Thymele
1048 1344 1153 1380 tunc
1176 1339 1335 1379 rustica
1360 1338 1500 1380 discit.

336 1421 404 1457 ast
427 1416 546 1466 aliae,
571 1416 770 1470 quotiens
794 1415 941 1455 aulaea
965 1414 1184 1455 recondita
1210 1418 1374 1455 cessant

337 1496 381 1533 et
405 1504 539 1532 uacuo
563 1491 766 1544 clusoque
791 1495 945 1531 sonant
970 1489 1061 1530 fora
1085 1489 1173 1530 sola
1197 1489 1378 1537 theatro,

337 1571 464 1620 atque
489 1580 513 1606 3
537 1566 698 1620 plebeis
721 1566 846 1620 longe
872 1564 1116 1619 Megalesia,
1141 1564 1284 1605 tristes

227 1652 267 1685 70
336 1655 561 1696 personam
587 1642 868 1695 thyrsumque
894 1645 1044 1681 tenent
1069 1645 1113 1681 et
1138 1639 1328 1694 subligar
1351 1639 1465 1679 Acci.

339 1717 525 1758 Vrbicus
550 1716 700 1757 exodio
725 1717 859 1757 risum
883 1720 1029 1756 mouet
1052 1714 1282 1756 Atellanae

339 1793 530 1849 gestibus
554 1794 789 1841 Autonoes,
813 1793 930 1833 hunc
953 1791 1098 1846 diligit
1124 1790 1252 1832 Aelia
1276 1803 1446 1843 pauper.

340 1868 525 1910 soluitur
551 1868 618 1909 his
642 1881 798 1922 magno
822 1867 1012 1908 comoedi
1037 1866 1180 1915 fibula,
1204 1871 1306 1907 sunt
1331 1879 1442 1919 quae

342 1942 665 1998 Chrysogonum
690 1947 862 1983 cantare
887 1946 1049 1990 uetent‚
1073 1941 1278 1995 Hispulla
1303 1940 1502 1995 tragoedo

230 2028 269 2060 75
340 2018 522 2073 gaudet3
559 2032 615 2059 an
639 2022 837 2072 expectas
861 2022 911 2058 ut
937 2017 1233 2066 Quintilianus
1258 2018 1456 2057 ametur?

341 2093 499 2148 accipis
524 2106 700 2134 uxorem
726 2093 778 2134 de
803 2107 886 2147 qua
911 2092 1182 2133 citharoedus
1206 2092 1373 2132 Echion

341 2173 418 2210 aut
444 2168 691 2223 Glaphyrus
716 2169 792 2209 fiat
815 2174 938 2222 pater
961 2167 1300 2221 Ambrosiusque
1326 2166 1558 2208 choraules.

342 2243 469 2298 longa
494 2257 567 2297 per
591 2248 793 2298 angustos
818 2243 998 2298 figamus
1022 2242 1191 2296 pulpita
1216 2242 1342 2289 uicos,

275 2386 316 2413 52
342 2382 449 2414 tende
472 2380 521 2420 Ψ,
548 2392 658 2413 erasus
682 2383 719 2419 P,
745 2384 846 2414 necte
870 2383 948 2422 FTp
1037 2386 1078 2413 55
1104 2381 1286 2423 requiritur
1308 2380 1405 2412 uelut
1428 2390 1506 2412 rure
1522 2380 1654 2412 Padano
1670 2379 1743 2421 (qui

209 2432 324 2464 Gabiis
346 2432 506 2465 (100011101-
529 2437 630 2475 atque
654 2433 790 2465 Fidenis
813 2434 908 2465 uicus
931 2434 1026 2472 erat),
1055 2443 1131 2464 cum
1155 2433 1273 2464 statim
1300 2435 1459 2474 sequatur
1481 2432 1586 2472 aqello
1603 2434 1745 2472 paterno

209 2484 341 2517 diuerso
357 2495 457 2516 000011
473 2485 621 2526 positum
711 2490 751 2517 58
772 2487 823 2517 nil
846 2486 970 2524 PFGU,
988 2486 1077 2517 nihil
1093 2486 1219 2523 AGL'I',
1241 2488 1280 2516 ut
1296 2483 1381 2516 solet
1399 2482 1569 2515 quenalis
1585 2482 1621 2514 in
1637 2483 1742 2514 altero

209 2536 376 2578 semipede
406 2541 485 2568 3010
516 2537 689 2575 110031001;
723 2537 777 2568 1110
809 2541 923 2569 tamen
949 2541 982 2569 et
1007 2546 1058 2569 xv
1084 2539 1123 2569 88
1156 2537 1362 2569 Pithoeanus
1392 2534 1579 2577 sequendus
1607 2534 1743 2566 uidetur

208 2591 345 2630 propter
366 2597 530 2627 numeros,
551 2596 607 2619 vn
625 2590 664 2619 54
682 2599 748 2619 000
771 2588 853 2619 item
942 2593 982 2621 63
999 2589 1184 2620 chironomo
1208 2587 1380 2619 Marcilius
1396 2590 1430 2618 et
1447 2585 1612 2617 meursius
1702 2590 1744 2618 64

208 2639 383 2680 long-um*
399 2640 528 2679 gannit
550 2638 615 2671 ΡΨ
719 2644 759 2672 65
783 2641 901 2672 subito
924 2641 979 2672 Po
1004 2640 1088 2672 Brit.
1110 2641 1224 2675 15600,
1243 2640 1401 2671 subitum
1423 2636 1461 2669 Ψ
1563 2639 1600 2669 et
1616 2647 1679 2669 om.
1701 2638 1738 2676 Ο,

207 2690 272 2723 del.
308 2691 479 2723 Dobraeus
566 2690 724 2730 ganum*
752 2692 895 2731 longum
926 2690 1001 2723 ΡΨ.
1051 2690 1131 2722 ordo
1163 2694 1213 2722 est
1244 2692 1379 2730 Zonyum
1409 2692 1436 2720 et
1466 2689 1674 2720 miserabile:
1707 2689 1742 2719 in

206 2741 347 2784 uulgata
370 2742 536 2784 scriptura
559 2746 587 2773 eb
610 2742 803 2774 coniunctio
827 2741 980 2774 abundat
1003 2742 1105 2773 simul
1129 2746 1163 2773 01
1190 2740 1399 2773 desideratur
1492 2744 1532 2772 ‘10
1560 2741 1635 2772 acci
1662 2740 1743 2772 FLO

206 2793 338 2826 G.L.K.
367 2802 392 2825 v
416 2804 447 2835 p.
477 2795 537 2825 321
565 2796 598 2825 et
622 2801 660 2824 v1
688 2804 720 2835 p.
748 2795 820 2832 232,
850 2795 920 2826 acii
944 2795 984 2833 A,
1014 2795 1102 2826 accii
1126 2795 1196 2833 GU,
1226 2794 1314 2825 actii
1338 2794 1374 2829 T,
1401 2800 1487 2824 acne
1518 2792 1570 2824 Ps
1603 2790 1746 2831 (scilicet

247 2842 260 2857 c

529 2842 541 2856 e

205 2865 274 2895 acii
290 2864 399 2896 uisum
416 2866 467 2896 est
482 2864 556 2902 aon)
647 2867 687 2895 77
704 2872 748 2895 ue
765 2864 795 2896 U
811 2863 899 2895 sicut
915 2863 1099 2895 coniecerat
1117 2862 1223 2895 Hadr.
1244 2862 1398 2895 Valesius
