1947 3145
258 108 346 149 106
854 105 1181 146 IVVENALIS

254 233 315 264 120
385 227 431 264 at
456 237 571 264 nunc
596 222 807 263 diuitibus
831 220 1010 261 cenandi
1035 219 1155 260 nulla
1180 220 1390 273 uoluptas,

385 298 447 338 nil
471 298 683 345 rhombus,
707 296 769 336 nil
793 296 961 336 damma
985 294 1108 348 sapit,
1131 298 1280 348 putere
1305 294 1507 334 uidentur

387 376 602 426 unguenta
626 375 754 424 atque
780 382 907 418 rosae,
932 369 1039 409 latos
1063 369 1145 409 nisi
1170 369 1352 409 sustinet
1376 369 1485 409 orbis

387 447 542 502 grande
566 447 669 486 ebur
693 449 736 485 et
760 457 913 497 magno
938 443 1135 484 sublimis
1158 443 1313 497 pardus
1337 443 1461 483 hiatu

388 521 587 562 dentibus
611 533 662 560 ex
687 519 775 559 illis
800 532 903 572 quos
927 518 1067 559 mittit
1091 523 1212 572 porta
1237 518 1396 572 Syenes

255 607 316 638 125
386 601 428 637 et
454 595 595 635 Mauri
620 594 770 634 celeres
793 598 836 634 et
861 594 1015 634 Mauro
1040 594 1252 634 obscurior
1277 593 1425 641 Indus,

387 676 430 712 et
454 684 559 725 quos
582 669 777 723 deposuit
801 669 1020 709 Nabataeo
1044 668 1168 709 belua
1193 668 1307 709 saltu

388 746 474 786 iam
499 745 652 785 nimios
676 744 891 798 capitique
916 758 1074 798 graues.
1146 744 1244 784 hinc
1269 743 1405 797 surgit
1424 742 1572 790 orexis,

388 821 484 862 hinc
509 820 724 862 stomacho
749 820 885 870 uires3
920 833 1021 859 nam
1045 833 1117 873 pes
1141 823 1365 874 argenteus
1390 818 1488 867 illis,

387 895 543 936 anulus
567 895 613 935 111
638 895 772 949 digito
796 894 908 948 quod
932 894 1100 935 ferreus.
1171 907 1269 948 ergo
1294 894 1522 947 superbum

256 982 317 1013 130
387 970 615 1011 conuiuam
640 983 778 1019 caueo,
803 970 878 1023 qui
901 983 968 1010 me
993 969 1074 1010 sibi
1097 974 1312 1022 comparat
1336 973 1379 1010 et
1402 982 1467 1010 res

388 1045 567 1099 despicit
592 1045 776 1099 exiguas.
847 1044 948 1085 adeo
972 1044 1093 1085 nulla
1116 1045 1243 1085 uncia
1267 1044 1388 1084 nobis

388 1125 453 1162 est
476 1120 620 1169 eboris,
644 1134 720 1161 nec
744 1119 935 1160 tessellae
960 1133 1035 1160 nec
1059 1119 1247 1160 calculus
1271 1133 1323 1159 ex
1347 1120 1425 1160 hac

389 1195 583 1244 materia,
606 1195 711 1249 quin
737 1195 828 1249 ipsa
853 1194 1075 1235 manubria
1103 1194 1375 1235 cultellorum

389 1284 515 1312 ossea.
586 1285 672 1311 non
697 1275 841 1311 tamen
866 1270 933 1310 his
957 1269 1047 1310 ulla
1072 1283 1278 1323 umquam
1303 1269 1473 1310 obsonia
1498 1269 1608 1309 fiunt

258 1356 317 1387 135
388 1345 607 1386 rancidula
630 1350 706 1386 aut
730 1345 823 1385 ideo
847 1345 964 1399 peior
987 1345 1148 1399 gallina
1173 1349 1347 1386 secatur.

389 1421 462 1463 sed
486 1434 563 1462 nec
586 1424 771 1461 structor
795 1420 873 1461 erit
898 1420 967 1461 cui
990 1420 1133 1461 cedere
1158 1420 1309 1461 debeat
1333 1420 1471 1460 omnis

390 1497 573 1552 pergula,
597 1496 833 1550 discipulus
857 1496 1059 1550 Trypheri
1084 1496 1274 1545 doctoris,
1298 1500 1404 1549 aput
1428 1508 1553 1549 quein

389 1572 556 1613 sumine
579 1585 677 1612 cum
702 1585 854 1626 magno
878 1572 997 1625 lepus
1021 1575 1149 1624 atque
1173 1584 1272 1625 aper
1296 1575 1338 1612 et
1362 1584 1573 1625 pygargus

389 1652 433 1688 et
458 1646 680 1701 Scythicae
704 1646 895 1688 uolucres
920 1650 962 1687 et
985 1646 1336 1700 phoenicopterus
1360 1646 1509 1700 ingens

257 1734 319 1764 140
388 1727 432 1763 et
457 1722 665 1763 Gaetulus
690 1735 794 1775 oryx
819 1720 962 1761 hebeti
985 1720 1227 1761 lautissima
1251 1720 1362 1761 ferro

389 1797 579 1839 caeditur
602 1802 645 1838 et
670 1801 760 1838 tota
785 1801 906 1837 sonat
930 1796 1072 1836 ulmea
1095 1809 1198 1836 cena
1223 1796 1399 1836 Subura.

393 1887 468 1914 nec
494 1873 681 1913 frustum
706 1885 878 1926 capreae
904 1872 1133 1912 subducere
1158 1885 1233 1912 nec
1258 1871 1372 1912 latus
1396 1871 1530 1911 Afrae

391 1949 513 1989 nouit
538 1948 631 1989 auis
656 1951 809 1995 noster,
836 1946 1076 1987 tirunculus
1100 1960 1148 1987 ac
1172 1946 1288 1987 rudis
1313 1946 1430 1987 0111111

392 2028 582 2077 tempore
606 2027 649 2063 et
673 2022 851 2077 exiguae
876 2022 1005 2062 furtis
1029 2021 1210 2062 inbutus
1228 2021 1387 2062 ofellae.

259 2109 321 2141 145
390 2099 575 2153 plebeios
598 2098 748 2139 calices
772 2102 815 2139 et
838 2097 986 2151 paucis
1009 2097 1174 2138 assibus
1198 2102 1364 2151 emptos

392 2175 581 2228 porriget
605 2174 795 2214 incultus
819 2187 923 2227 puer
946 2178 1074 2226 atque
1099 2187 1123 2213 a
1148 2173 1305 2228 frigore
1330 2177 1464 2222 tutus,

394 2263 480 2290 non
506 2250 654 2303 Phryx
678 2253 754 2290 aut
779 2249 946 2303 Lycius,
970 2262 1055 2288 non
1078 2262 1102 2288 a
1126 2262 1333 2303 mangone
1357 2248 1522 2302 petitus

395 2325 469 2378 qui
494 2325 663 2365 steterit
688 2338 866 2380 magno:
901 2338 998 2365 cum
1024 2338 1179 2378 posces,
1202 2338 1322 2378 posce
1348 2324 1510 2365 Latine.

324 2457 386 2485 122
403 2454 497 2485 orbis
521 2464 559 2484 ex
577 2455 605 2485 G
693 2459 755 2487 128
779 2455 874 2486 uires
897 2455 954 2486 PG
969 2453 1102 2495 aliique,
1119 2455 1202 2485 bilis
1225 2453 1262 2485 Ψ
1350 2457 1413 2485 130
1437 2453 1619 2493 comparat
1639 2450 1684 2488 Ψ,
1703 2459 1791 2483 com-

258 2507 365 2546 paret
380 2505 441 2544 Ps,
462 2504 540 2536 uide
556 2505 598 2536 ad
615 2514 669 2536 vn
688 2507 749 2537 185
839 2510 900 2537 137
917 2507 1007 2545 aput
1023 2516 1062 2536 ex
1079 2506 1164 2537 PG'I'
1252 2509 1313 2537 139
1330 2505 1624 2545 phoenicopterus
1640 2504 1676 2539 G,
1695 2503 1790 2542 poni-

259 2559 425 2597 copterus
441 2557 467 2587 P
483 2555 552 2588 flor.
573 2557 686 2597 Sang.‚
707 2558 859 2596 phoenix
882 2559 1027 2597 opterus
1051 2556 1087 2588 Ψ
1176 2561 1237 2588 141
1261 2558 1341 2588 tota
1364 2567 1427 2587 Om.
1448 2557 1474 2587 P
1562 2559 1623 2586 142
1644 2562 1792 2593 capreae

259 2607 339 2646 ΣΨ,
359 2617 487 2649 caprae
503 2609 529 2639 P
545 2608 614 2639 flor.
634 2608 783 2639 Parisina
800 2608 899 2640 Prisc.
917 2607 955 2639 G.
964 2608 999 2639 L.
1008 2608 1048 2640 Κ.
1070 2617 1098 2639 11
1115 2618 1145 2650 p.
1165 2609 1225 2639 108
1314 2612 1376 2640 146
1397 2608 1555 2647 porriget
1575 2604 1623 2643 Ψ,
1642 2606 1794 2645 porrigit

259 2662 341 2693 PST
430 2664 492 2692 148
509 2661 570 2700 qui
586 2660 759 2697 steterim*
777 2662 889 2701 quales
910 2661 1059 2692 nendum
1083 2671 1155 2692 care
1173 2661 1379 2700 mancz'parii
1394 2658 1432 2699 Σ,
1453 2660 1532 2699 quis
1547 2659 1617 2690 erit
1632 2659 1669 2689 et
1686 2657 1789 2688 Burn.

260 2714 322 2744 192
339 2713 398 2754 qui
413 2713 516 2744 etiam
532 2721 603 2743 VIII
622 2714 681 2743 148
699 2715 892 2754 contempto
916 2715 1022 2745 metro
1045 2713 1203 2754 reliquias
1225 2723 1321 2744 uerae
1345 2711 1498 2743 lectionis
1521 2710 1678 2748 seruauit,
1698 2711 1791 2749 quis-

260 2773 368 2805 quam
390 2765 460 2796 erit
482 2765 519 2795 et
542 2764 669 2801 ALO'I',
695 2765 883 2804 quisquam
905 2766 975 2796 erit
997 2765 1035 2796 in
1057 2765 1207 2796 PSFGU.
1258 2762 1298 2795 de
1322 2762 1509 2804 corruptela
1524 2760 1596 2792 dixi
1612 2771 1643 2803 p.
1660 2761 1791 2792 xxxviii

260 2816 478 2859 praefationis
494 2815 537 2847 ad
554 2815 687 2847 Manilii
702 2815 760 2847 lib.
782 2825 805 2848 Ι.
854 2820 882 2847 et
900 2816 1064 2857 particula
1087 2816 1122 2847 in
1146 2816 1314 2848 sententia
1337 2815 1474 2857 neganti
1497 2814 1618 2846 uitiose
1641 2812 1792 2845 abundat

262 2869 310 2901 ibi
323 2870 433 2912 posita
445 2868 503 2901 ubi
516 2871 576 2900 aut
592 2868 679 2899 nihil
696 2867 888 2910 ponendum
905 2871 976 2900 erat
991 2871 1051 2900 aut
1066 2869 1199 2900 nedum.
1250 2867 1427 2900 Pithoeani
1439 2867 1639 2909 scripturam
1653 2866 1792 2898 Iahnius
