1947 3145
779 102 1011 143 SATVRA
1047 101 1123 141 III
1656 99 1680 139 2
1691 99 1713 139 1

318 223 364 263 in
389 222 532 264 tenuis
555 220 727 275 plantas
752 220 869 261 facili
893 219 1153 260 diffunditur
1176 219 1350 259 haustu.

319 298 419 338 uiue
443 296 631 338 bidentis
655 309 802 336 amans
827 300 869 336 et
893 295 1000 336 culti
1024 294 1176 335 uilicus
1201 293 1316 334 horti

320 373 433 414 unde
457 371 634 425 epulum
659 370 792 424 possis
816 374 991 411 centum
1015 369 1115 409 dare
1140 367 1429 423 Pythagoreis.

181 459 248 490 230
317 453 381 489 est
405 446 580 501 aliquid,
606 459 872 500 quocumque
896 445 998 494 loco,
1023 456 1292 499 quocumque
1316 455 1492 491 recessu,

318 523 446 564 unius
472 535 559 564 sese
584 521 807 563 dominum
832 521 975 562 fecisse
998 520 1190 561 lacertae.

385 598 596 653 plurimus
620 597 692 638 hic
715 610 838 651 aeger
863 596 1047 636 moritur
1071 594 1306 650 uigilando,
1331 593 1403 635 sed
1427 593 1569 647 ipsum

320 674 568 728 languorem
591 672 760 726 peperit
784 672 904 712 cibus
928 670 1186 725 inperfectus
1210 674 1253 710 et
1278 670 1454 710 haerens

320 748 487 790 ardenti
511 748 753 798 stomach03
788 761 890 787 nam
916 759 1043 801 quem
1067 745 1283 786 meritoria
1308 757 1506 786 somnum

185 835 248 866 235
318 823 590 865 admittunt?
659 823 827 878 magnis
853 822 1003 876 opibus
1027 821 1239 862 dormitur
1262 820 1307 860 in
1332 819 1446 860 urbe.

320 899 420 939 inde
444 902 573 952 caput
597 898 743 938 morbi.
813 897 1034 938 raedarum
1061 896 1270 937 transitus
1294 899 1387 936 arto

321 974 513 1015 uicorum
538 973 583 1013 in
608 973 722 1013 flexu
748 977 791 1013 et
816 972 971 1013 stantis
995 971 1189 1012 conuicia
1213 970 1416 1011 mandrae

322 1049 504 1103 eripient
529 1061 725 1089 somnum
750 1048 891 1088 Druso
915 1046 1154 1100 uitulisque
1179 1046 1366 1086 marinis.

321 1125 357 1166 si
382 1128 506 1165 uocat
531 1123 730 1172 officium,
755 1123 881 1163 turba
905 1122 1079 1162 cedente
1104 1122 1284 1162 uehetur

184 1211 248 1241 240
319 1200 439 1240 diues
467 1203 509 1239 et
533 1198 701 1253 ingenti
726 1202 869 1238 curret
893 1210 1018 1250 super
1041 1210 1114 1236 ora
1138 1196 1328 1236 Liburna

319 1280 447 1328 atque
471 1274 607 1314 obiter
632 1273 745 1327 leget
770 1277 845 1313 aut
869 1272 1025 1312 scribet
1050 1271 1119 1311 uel
1143 1270 1325 1311 dormiet
1350 1271 1494 1321 intus3

320 1363 503 1403 namque
529 1349 631 1389 facit
656 1361 851 1388 somnum
875 1347 1018 1388 clausa
1041 1346 1192 1387 lectica
1216 1345 1411 1386 fenestra.

318 1430 419 1466 ante
445 1429 589 1465 tamen
614 1423 786 1464 ueniet:
822 1422 943 1462 nobis
966 1421 1294 1476 properantibus
1319 1425 1462 1475 opstat

320 1500 432 1541 unda
457 1499 585 1554 prior,
610 1511 764 1553 magno
789 1497 973 1552 populus
998 1497 1157 1551 premit
1182 1496 1352 1551 agmine
1378 1495 1547 1537 lumbos

185 1587 248 1617 245
319 1575 394 1630 qui
417 1574 610 1629 sequitur
630 1588 639 1625 3
674 1573 772 1614 ferit
797 1573 868 1613 hic
890 1572 1046 1620 cubito,
1071 1571 1172 1612 ferit
1197 1584 1334 1612 assere
1358 1571 1463 1611 duro

320 1651 442 1700 alter,
466 1655 511 1692 at
536 1650 606 1690 hic
630 1646 803 1704 tignum
827 1648 959 1701 capiti
978 1648 1150 1696 incutit,
1174 1647 1248 1688 ille
1272 1651 1509 1688 metretam.

319 1726 497 1781 pinguia
522 1739 646 1766 crura
669 1726 773 1773 luto,
797 1723 947 1778 planta
971 1737 1070 1763 mox
1095 1722 1283 1776 undique
1307 1736 1461 1777 magna
1494 1757 1498 1766 ,,

321 1801 469 1850 calcor,
494 1807 536 1842 et
561 1800 608 1840 in
633 1800 769 1854 digito
793 1799 940 1840 clauus
965 1798 1072 1838 mihi
1097 1797 1252 1837 militis
1277 1797 1433 1838 haeret.

321 1890 461 1918 nonne
484 1876 604 1917 uides
629 1880 791 1930 quanto
816 1874 1055 1915 celebretur
1080 1872 1275 1926 sportula
1298 1872 1447 1913 fumo?
1509 1880 1520 1918 ζ,

187 1963 250 1994 250
320 1956 492 1993 centum
517 1951 737 2000 conuiuae,
762 1950 954 2003 sequitur
979 1962 1053 1989 sua
1077 1961 1287 2002 quemque
1311 1948 1462 1988 culina.

323 2027 507 2068 Corbulo
531 2027 607 2067 uix
631 2026 761 2067 ferret
787 2030 852 2066 tot
876 2038 979 2065 uasa
1005 2023 1211 2078 ingentia,
1236 2027 1302 2063 tot
1326 2036 1393 2063 res

322 2102 529 2156 inpositas
552 2101 697 2156 capiti,
722 2114 827 2155 quas
851 2104 964 2140 recto
989 2098 1150 2139 uertice
1174 2102 1320 2151 portat

323 2177 516 2218 seruulus
541 2176 693 2217 infelix
718 2180 761 2217 et
786 2189 913 2217 cursu
937 2174 1122 2215 uentilat
1147 2173 1302 2228 ignem.

323 2253 576 2294 scinduntur
601 2252 772 2293 tunicae
797 2256 935 2292 sartae
959 2250 1094 2298 mon
1118 2249 1246 2304 longa
1269 2253 1461 2290 coruscat

187 2340 249 2371 255
322 2342 479 2370 serraco
504 2328 705 2369 ueniente
729 2328 856 2376 abies,
881 2331 1012 2381 atque
1037 2326 1172 2366 altera
1195 2326 1349 2379 pinum

323 2406 516 2460 plaustra
541 2404 729 2455 uehunt3
764 2407 923 2444 nutant
947 2402 1032 2442 alte
1056 2401 1295 2455 populoque
1320 2401 1554 2443 minantur.

325 2494 425 2521 nam
449 2480 485 2520 si
509 2479 737 2534 procubuit
763 2478 837 2532 qui
863 2491 965 2518 saxa
989 2476 1208 2531 Ligustica
1230 2481 1377 2530 portat

253 2614 315 2643 227
337 2610 551 2642 diffunditur
571 2607 673 2640 Vind.
697 2608 814 2639 AGLT
838 2607 929 2638 Seru.
946 2616 1053 2648 georg.
1077 2614 1116 2637 Ν
1141 2606 1213 2644 115,
1230 2606 1438 2639 defunditur
1461 2608 1575 2640 PSOU
1663 2609 1726 2638 232

183 2664 288 2695 illum
305 2662 406 2694 Prisc.
424 2661 546 2693 G.L.K.
564 2669 593 2692 11
611 2670 641 2701 p.
660 2661 721 2691 409
747 2663 780 2691 et
804 2659 865 2692 427
891 2661 925 2690 et
949 2666 994 2689 111
1019 2668 1050 2699 p.
1073 2658 1134 2689 233
1224 2661 1288 2690 234
1311 2667 1414 2699 quem
1436 2658 1540 2691 Hadr.
1559 2657 1723 2697 Valesius,

190 2724 257 2755 que
278 2713 381 2746 Vind.
407 2714 508 2752 GTU,
538 2721 628 2753 quae
655 2712 769 2744 PALO
858 2715 920 2743 237
947 2711 984 2742 in
1008 2710 1100 2741 flexu
1125 2708 1199 2740 edd.
1224 2712 1322 2749 uett„
1346 2711 1476 2743 inflexu
1500 2712 1526 2743 P
1551 2709 1653 2743 Vind.
1676 2709 1723 2749 Ψ,

190 2767 283 2799 flexu
299 2767 326 2799 O
414 2766 572 2798 conuitia
589 2766 612 2796 S
628 2763 697 2795 flor.
716 2763 814 2804 Sang.
828 2761 931 2794 Vind.
945 2763 972 2794 Τ
1061 2765 1124 2793 238
1139 2762 1240 2792 surdo
1258 2761 1421 2804 Speyerus
1509 2766 1572 2795 240
1588 2763 1730 2794 liburna

191 2819 315 2858 PSTU,
335 2818 497 2850 liburnae
521 2815 637 2855 Vind.,
658 2816 799 2847 liburno
821 2813 859 2846 Ψ
948 2817 1010 2845 242
1035 2812 1098 2844 del.
1120 2812 1300 2854 Pinzgerus
1389 2819 1451 2847 243
1475 2823 1551 2855 ops·
1570 2824 1610 2845 ex
1634 2814 1685 2846 PS

237 2874 299 2902 246
315 2870 456 2910 tignum
474 2870 499 2901 P
517 2867 620 2900 Vind.
642 2868 708 2905 ΘΟ,
726 2868 862 2907 lignum
877 2865 914 2897 Ψ
