1947 3145
255 108 276 146 1
289 106 312 145 2
322 106 346 146 2
852 107 1177 149 IVVENALIS

384 224 567 265 euasisse
592 230 727 278 putes,
752 238 856 278 quos
880 224 963 264 diri
987 225 1151 264 conscia
1176 224 1280 265 faeti
1350 279 1353 280 ⁷

384 312 504 340 mens
527 299 654 340 habet
678 299 885 340 attonitos
909 303 952 339 et
977 298 1102 339 surdo
1126 298 1296 339 uerbere
1320 297 1458 339 caedit

253 383 312 413 195
383 374 596 415 occultum
621 374 840 427 quatiente
864 373 1007 414 animo
1033 378 1188 414 tortore
1212 373 1461 427 flagellum?

385 461 520 502 poena
544 453 690 488 autem
714 448 944 488 uehemens
969 461 1017 488 ae
1042 448 1180 488 multo
1205 448 1369 488 saeuior
1392 447 1480 487 illis

386 536 491 576 quas
516 527 559 563 et
584 522 806 563 Caedicius
829 523 970 578 grauis
994 523 1163 564 inuenit
1188 528 1232 563 et
1257 520 1615 563 Rhadamanthus

385 602 506 639 nocte
531 598 684 652 dieque
709 612 834 638 suum
858 603 1022 652 gestare
1047 599 1092 639 in
1116 603 1282 652 pectore
1307 602 1472 639 testem.

388 673 598 726 Spartano
622 673 793 714 cuidam
819 674 1037 728 respondit
1062 674 1222 728 Pythia
1246 679 1366 714 uates

253 757 314 789 200
384 748 491 788 haut
514 747 766 801 inpunitum
791 748 1006 802 quondam
1032 748 1119 789 fore
1144 748 1255 802 quod
1280 747 1498 788 dubitaret

387 822 628 876 depositum
653 823 833 864 retinere
858 829 900 864 et
925 823 1117 864 fraudem
1141 824 1230 863 iure
1256 822 1369 863 tueri

385 897 574 938 iurando.
645 898 874 951 quaerebat
899 898 1015 939 enim
1040 912 1148 952 quae
1173 897 1366 938 numinis
1388 901 1496 938 esset

386 986 507 1014 mens
531 977 574 1013 et
598 987 652 1013 an
671 973 750 1014 hoc
769 973 834 1013 illi
860 973 1025 1014 facinus
1049 973 1243 1013 suade-ret
1266 971 1432 1026 Apollo.

387 1047 575 1088 reddidit
598 1061 696 1102 ergo
721 1053 852 1097 metu,
876 1062 961 1088 non
986 1048 1183 1096 moribus,
1207 1052 1249 1088 et
1274 1052 1418 1088 tamen
1442 1059 1612 1086 omnem

254 1133 315 1163 205
386 1136 532 1163 uocem
556 1123 678 1178 adyti
702 1123 878 1177 dignam
905 1123 1067 1177 templo
1092 1136 1323 1175 ueramque
1347 1121 1547 1175 probauit

388 1198 606 1239 extinctus
630 1203 721 1240 tota
745 1199 908 1252 pariter
932 1213 1030 1239 011111
1055 1198 1172 1253 prole
1197 1197 1405 1251 domoque

389 1280 431 1314 et
456 1274 654 1327 quamuis
678 1273 805 1328 longa
829 1274 1023 1315 deductis
1047 1278 1171 1328 gente
1196 1273 1455 1328 propinquis.

387 1349 464 1390 has
487 1349 653 1403 patitur
677 1363 831 1403 poenas
855 1348 1058 1403 peccandi
1083 1348 1169 1389 sola
1193 1348 1403 1389 uoluntas.

391 1438 490 1464 nam
515 1425 650 1465 scelus
674 1426 790 1465 intra
815 1438 857 1465 se
883 1425 1065 1465 tacitum
1092 1424 1165 1477 qui
1190 1424 1351 1478 cogitat
1376 1422 1516 1463 ullum

257 1510 319 1540 210
388 1499 492 1541 facti
516 1501 677 1541 crimen
701 1500 839 1541 habet.
910 1499 1021 1548 cedo,
1045 1499 1081 1540 si
1105 1503 1255 1539 conata
1279 1498 1454 1552 peregit.

393 1581 598 1629 perpetua
622 1576 818 1616 anxietas
844 1588 920 1616 nee
944 1587 1112 1615 mensae
1140 1579 1325 1627 tempore
1349 1577 1496 1621 cessat,

393 1649 588 1691 faucibus
612 1655 662 1691 ut
686 1650 831 1690 morbo
856 1650 978 1690 510015
1002 1650 1199 1702 interque
1224 1648 1401 1688 molares

394 1724 561 1765 difficili
586 1730 798 1766 crescente
823 1725 926 1774 cibo,
950 1724 1022 1765 sed
1045 1724 1149 1764 uina
1174 1723 1368 1764 misellus

394 1800 558 1854 expuit,
579 1800 741 1841 Albani
765 1801 924 1842 ueteris
946 1799 1131 1853 pretiosa
1155 1802 1349 1839 senectus

261 1885 322 1915 215
391 1875 613 1929 displicet3
650 1876 848 1917 ostendas
872 1875 1037 1923 melius,
1061 1874 1311 1915 densissima
1336 1886 1442 1927 ruga

394 1951 564 2005 cogitur
588 1951 634 1991 in
660 1951 846 1991 frontem
870 1950 991 1991 uelut
1015 1950 1098 1990 acri
1124 1949 1254 1989 ducta
1279 1948 1465 1989 Falerno.

395 2031 519 2066 nocte
544 2026 717 2067 breuem
742 2026 777 2066 si
801 2026 906 2066 forte
930 2024 1112 2065 indulsit
1135 2037 1237 2064 cura
1262 2036 1453 2077 soporem

396 2106 439 2142 et
465 2106 557 2142 toto
580 2106 747 2142 uersata
771 2106 863 2142 toro
887 2102 973 2141 iam
998 2100 1186 2140 membra
1211 2099 1448 2153 quiescunt,

396 2178 599 2218 continuo
623 2178 835 2231 templum
860 2182 902 2217 et
927 2175 1080 2217 uiolati
1104 2174 1296 2216 numinis
1319 2188 1414 2215 aras

265 2262 326 2293 220
395 2258 450 2301 et,
475 2253 588 2306 quod
614 2253 854 2306 praecipuis
878 2256 1066 2292 mentem
1091 2250 1318 2291 sudoribus
1342 2253 1512 2304 urguet,

398 2332 440 2368 te
464 2327 582 2368 uidet
607 2328 654 2368 in
678 2328 862 2378 somnis3
898 2332 973 2368 tua
998 2340 1116 2367 sacra
1140 2330 1182 2366 et
1207 2326 1342 2366 maior
1365 2325 1506 2379 imago

398 2403 586 2443 humana
610 2403 755 2444 turbat
779 2402 988 2457 pauidum
1012 2401 1209 2456 cogitque
1234 2400 1369 2441 fateri.

398 2478 446 2518 hi
470 2483 570 2519 sunt
595 2479 670 2533 qui
696 2478 914 2533 trepidant
938 2482 982 2519 et
1007 2477 1059 2517 ad
1083 2477 1226 2517 omnia
1250 2476 1424 2530 fulgura
1447 2474 1624 2529 pallent,

399 2567 496 2594 oum
521 2558 654 2603 tonat,
679 2554 889 2594 exanimis
912 2553 1049 2607 primo
1074 2565 1241 2606 quoque
1265 2564 1482 2591 murmure
1506 2548 1622 2595 caeli,

330 2670 391 2698 206
407 2666 544 2706 pariter
558 2667 638 2698 tota.
654 2667 719 2704 GO,
738 2676 905 2706 oppressus
920 2669 986 2697 tota
1004 2665 1133 2705 pariter
1155 2674 1230 2696 cum
1242 2664 1327 2704 pube
1345 2663 1444 2705 Cypr.
1460 2662 1554 2704 hept.
1573 2670 1648 2703 gen.
1669 2659 1753 2693 1076

308 2722 370 2750 208
394 2719 471 2750 sola.
489 2719 590 2756 GTU,
610 2726 718 2749 saeua
742 2719 838 2756 PAO,
858 2726 987 2749 scaeua
1008 2718 1060 2749 PL
1146 2717 1314 2748 uoluntas
1337 2715 1466 2753 AFGU,
1493 2714 1662 2753 uoluptas
1685 2711 1798 2744 PLO‘I'

351 2773 413 2801 210
444 2771 574 2802 conata.
599 2768 644 2805 Ψ,
671 2772 822 2809 cognata
852 2770 909 2801 PA
997 2773 1059 2800 212
1086 2771 1128 2800 ut
1151 2769 1250 2806 PAU,
1278 2769 1315 2799 et
1338 2767 1458 2803 FGO'I',
1485 2774 1595 2796 erasus
1618 2765 1644 2796 1.
1733 2766 1797 2795 213

263 2822 326 2853 sed
348 2830 420 2853 una
443 2823 521 2852 ante
544 2831 624 2852 corr.
653 2821 693 2859 U,
722 2822 836 2852 »Setina
861 2820 1015 2852 Herelius
1039 2823 1073 2851 et
1090 2819 1271 2850 Withofius
1291 2817 1364 2850 coll.
1386 2826 1410 2848 v
1430 2819 1469 2849 33
1486 2826 1534 2859 sq.
1627 2819 1690 2848 224
1716 2822 1796 2848 exa-

265 2874 371 2905 nimis
387 2882 426 2904 ex
443 2873 477 2910 P,
495 2871 573 2904 uide
589 2881 655 2903 xlv
673 2873 734 2904 300
