1947 3145
262 97 287 138 8
297 97 321 137 Ο
859 91 1186 134 IVVENALIS

460 212 563 266 quid
587 211 623 251 si
647 223 883 264 numquam
907 209 1009 249 adeo
1033 208 1166 249 foedis
1190 208 1375 262 adeoque
1399 208 1609 262 pudendis

393 287 561 328 utimur
584 286 801 339 exemplis,
825 289 874 324 ut
898 297 984 324 non
1002 283 1144 337 peiora
1168 283 1415 336 supersint?

261 372 321 404 185
391 361 653 415 consumptis
677 360 829 413 opibus
852 371 1010 407 uocem,
1035 358 1308 412 Damasippe,
1332 358 1481 399 locasti

391 437 555 491 sipario,
580 436 813 476 clamosum
837 447 980 487 ageres
1005 438 1053 474 ut
1077 433 1261 474 Phasma
1286 433 1459 474 Catulli.

393 510 647 553 Laureolum
673 509 797 549 uelox
821 509 952 549 etiam
976 508 1082 548 bene
1107 508 1317 548 Lentulus
1342 508 1442 563 egit,

392 586 531 626 iudice
556 598 622 624 me
647 583 803 638 dignus
828 596 927 623 uera
951 596 1081 623 cruce.
1154 596 1231 623 nec
1255 588 1399 623 tamen
1426 583 1508 636 ipsi

390 662 580 715 ignoscas
603 658 785 712 populo:
821 658 968 712 populi
993 658 1107 698 frons
1131 658 1275 698 durior
1300 658 1443 706 huius,

258 747 320 778 190
391 735 465 790 qui
490 734 607 775 sedet
632 739 676 774 et
700 738 866 787 spectat
891 733 1110 773 triscurria
1134 733 1422 786 patriciorum,

392 809 638 864 planipedes
663 808 784 848 audit
809 808 972 856 Fabios,
997 808 1133 848 ridere
1158 812 1297 861 potest
1322 808 1399 862 qui

391 885 706 925 Mamercorum
731 883 884 936 alapas.
956 883 1108 936 quanti
1133 896 1208 923 sua
1233 882 1381 923 funera
1405 881 1593 923 uendant

392 959 497 1015 quid
522 958 682 1000 refert?
751 957 945 998 uendunt
969 957 1090 997 nullo
1114 962 1292 1011 cogente
1317 958 1499 1006 Nerone,

392 1049 469 1076 nec
493 1033 696 1074 dubitant
719 1032 820 1073 celsi
843 1032 1051 1086 praetoris
1076 1032 1257 1072 uendere
1281 1031 1405 1072 ludis.

258 1123 319 1153 195
389 1111 500 1165 finge
526 1114 670 1150 tamen
693 1107 855 1162 gladios
879 1107 978 1147 inde
1002 1112 1131 1161 atque
1155 1107 1256 1148 hinc
1277 1107 1447 1161 pulpita
1470 1107 1585 1160 poni,

393 1185 497 1239 quid
521 1184 685 1225 satius?
754 1187 937 1223 mortem
962 1183 1022 1223 sic
1047 1183 1275 1236 quisquam
1299 1182 1532 1231 exhorruit,
1557 1187 1607 1223 ut
1631 1182 1688 1223 sit

392 1260 611 1314 zelotypus
635 1258 872 1313 Thymeles,
897 1257 1061 1312 stupidi
1085 1257 1244 1312 collega
1270 1257 1500 1298 Corinthi?

391 1349 456 1375 res
480 1336 590 1375 haut
614 1334 721 1374 mira
746 1338 890 1374 tamen
915 1332 1155 1373 citharoedo
1178 1333 1369 1386 principe
1393 1333 1551 1373 mimus

392 1410 560 1451 nobilis.
630 1409 732 1449 haec
756 1408 870 1449 ultra
896 1408 999 1462 quid
1022 1408 1103 1448 erit
1127 1408 1213 1448 nisi
1238 1408 1398 1449 ludus?
1466 1412 1509 1449 et
1533 1408 1623 1449 illic

256 1497 320 1529 200
390 1485 570 1527 dedecus
595 1484 711 1525 urbis
735 1484 874 1532 habes,
899 1497 976 1524 nec
1000 1483 1290 1524 murmillonis
1313 1483 1360 1523 in
1383 1483 1512 1524 armis

390 1574 468 1602 nec
491 1560 626 1614 clipeo
652 1559 891 1599 Gracchum
914 1563 1180 1613 pugnantem
1203 1563 1280 1598 aut
1304 1557 1410 1599 falce
1435 1558 1600 1612 supina,

390 1636 566 1677 damnat
590 1635 706 1675 enim
730 1633 836 1675 tales
860 1633 1061 1675 habitus:
1096 1638 1240 1674 mouet
1263 1646 1356 1674 ecce
1381 1633 1622 1675 tridentem.

394 1725 469 1752 nec
494 1710 615 1765 galea
640 1709 790 1750 faciem
814 1709 1046 1757 abscondit,
1070 1709 1142 1749 sed
1167 1709 1343 1749 damnat
1367 1713 1410 1749 et
1435 1708 1550 1750 odit:

391 1791 618 1841 postquam
642 1785 813 1825 uibrata
837 1784 1068 1838 pendentia
1092 1785 1202 1825 retia
1226 1784 1376 1825 dextra

256 1874 319 1905 ‘205
389 1861 650 1916 nequiquam
674 1859 836 1908 effudit,
860 1858 1024 1899 nudum
1049 1859 1103 1899 ad
1128 1859 1367 1913 spectacula
1389 1859 1557 1901 uoltum

392 1937 519 1992 erigit
543 1941 586 1977 et
611 1940 702 1976 tota
727 1935 840 1990 fugit
865 1935 1154 1989 agnoscendus
1177 1935 1343 1975 harena.

393 2012 616 2054 credamus
640 2011 823 2059 tunicae,
848 2010 898 2051 de
924 2011 1116 2051 faucibus
1139 2024 1264 2051 aurea
1288 2024 1385 2051 cum
1411 2023 1453 2051 se

393 2088 583 2142 porrigat
607 2092 650 2127 et
674 2087 799 2141 longo
824 2087 1006 2127 iactetur
1033 2086 1146 2140 spira
1169 2086 1322 2140 galero.

393 2177 488 2219 ergo
513 2162 796 2218 ignominiam
820 2162 1059 2217 grauiorem
1082 2162 1265 2216 pertulit
1289 2162 1408 2202 omni

261 2251 323 2280 210
392 2239 568 2280 uulnere
592 2252 689 2279 cum
717 2237 908 2278 Graccho
933 2237 1073 2278 iussus
1097 2251 1286 2292 pugnare
1311 2242 1484 2278 secutor.

458 2314 590 2354 libera
615 2314 649 2353 si
674 2313 834 2354 dentur
857 2312 1011 2366 populo
1036 2312 1247 2367 suffragia,
1271 2313 1366 2366 quis
1392 2320 1481 2353 tam

324 2397 387 2425 183
410 2393 495 2433 quid
511 2391 558 2431 Ψ,
578 2393 671 2433 quod
694 2393 720 2424 P
736 2391 860 2433 aliique
949 2396 1012 2423 194
1028 2390 1092 2422 del.
1110 2390 1293 2432 Rupertius
1381 2395 1443 2423 195
1467 2392 1550 2431 poni
1573 2391 1610 2429 P,
1628 2399 1717 2431 pone
1740 2389 1792 2430 ¹1¹7

259 2447 398 2486 ponunt
421 2445 445 2476 F
542 2448 604 2475 196
628 2445 678 2476 sic
701 2445 728 2475 Ο
752 2443 888 2485 aliique,
915 2444 946 2474 si
969 2442 1033 2475 ΡΨ
1132 2448 1194 2476 198
1217 2445 1346 2475 mimus
1369 2441 1470 2482 EGU,
1497 2443 1579 2474 item
1603 2443 1629 2474 P
1651 2441 1708 2474 sed
1733 2446 1793 2474 aut

258 2497 334 2528 imu
357 2498 418 2527 aut
431 2504 510 2526 mus
526 2495 561 2526 in
581 2505 655 2531 ras„
673 2496 781 2526 natus
798 2493 835 2525 Ψ
923 2499 984 2526 201
1009 2496 1228 2535 pugnantem
1251 2497 1316 2526 aut
1338 2495 1467 2533 PAGU,
1488 2495 1553 2525 aut
1574 2495 1796 2534 pugnantem

259 2548 371 2580 FLOT
459 2550 522 2578 202
539 2550 600 2577 203
616 2545 718 2576 uerba
735 2546 796 2577 sed
817 2546 964 2577 damnat
987 2547 1024 2578 et
1047 2547 1123 2578 odit
1139 2548 1174 2577 et
1193 2548 1313 2578 mouet
1334 2555 1412 2578 ecce
1434 2546 1626 2577 tridentem
1649 2544 1738 2576 inter
1759 2555 1793 2576 se

260 2598 473 2640 transposui:
498 2598 544 2629 sic
568 2601 601 2628 et
623 2598 677 2628 secl
699 2596 864 2638 particula
887 2600 967 2639 apta
983 2597 1023 2629 fit
1045 2600 1080 2629 et
1102 2597 1265 2629 uitiosum
1282 2597 1414 2629 tollitur
1434 2596 1621 2638 asyndeton
1649 2599 1682 2628 et
1705 2599 1793 2628 recte

262 2649 448 2692 procedunt
471 2649 667 2680 sententiae.
714 2648 882 2680 Gracchus
906 2659 974 2680 nou
993 2649 1218 2680 murmillonis
1240 2649 1400 2681 secutoris
1415 2648 1551 2680 Thracis
1567 2658 1659 2679 arma
1673 2648 1788 2686 sumit,

259 2701 319 2734 sed
334 2700 517 2733 tridentem
534 2700 683 2738 retiarii3
707 2710 773 2731 non
795 2700 971 2732 abscondit
987 2701 1114 2739 faciem,
1135 2700 1192 2732 sed
1215 2700 1346 2732 nudum
1370 2700 1501 2732 uoltum
1524 2699 1629 2739 erigit.
1679 2709 1711 2731 u.
1730 2701 1795 2731 202

259 2753 325 2785 del.
361 2752 555 2794 Rupertius‚
588 2751 689 2782 uerba
718 2752 772 2783 secl
802 2753 942 2783 damnat
966 2776 973 2783 .
1003 2777 1009 2783 .
1039 2775 1046 2784 .
1074 2753 1239 2783 abscondit
1270 2751 1486 2783 Hermannus
1572 2755 1635 2783 203
1665 2753 1796 2784 faciem

260 2806 392 2844 PAGU,
413 2806 566 2836 frontem
589 2804 680 2840 LOT,
699 2804 834 2835 fontem
857 2805 882 2835 P
969 2805 1031 2835 sed
1054 2804 1184 2842 PAGU,
1210 2805 1248 2835 et
1270 2804 1380 2836 rLo‘r
1467 2807 1528 2835 207
1553 2801 1636 2845 quid
1658 2803 1795 2835 tunicae

261 2855 465 2889 credendum
480 2855 526 2887 sit
541 2854 729 2896 significaui
744 2853 787 2886 ad
803 2863 843 2886 VI
861 2855 941 2896 frag.
960 2855 1066 2887 Oxon.
1087 2865 1118 2887 u.
1138 2857 1177 2887 10
