1947 3145
237 108 261 146 6
271 107 294 147 Ο
835 107 1163 148 IVVENALIS

368 223 526 279 ingerit
551 229 683 278 utque
709 237 804 264 suos
829 236 993 277 semper
1017 223 1213 276 producit
1238 223 1444 265 alumnos.

234 308 295 338 610
431 299 501 340 hic
524 300 711 354 magicos
735 299 873 339 adfert
897 304 1062 347 cantus,
1087 299 1157 339 hic
1181 299 1379 340 Thessala
1403 299 1553 341 uendit

367 373 544 427 philtra,
568 374 724 427 quibus
748 373 890 413 ualeat
914 378 1101 414 mentem
1127 387 1280 414 uexare
1304 374 1451 414 mariti

367 453 410 489 et
434 449 543 489 solea
567 449 735 502 pulsare
760 449 884 489 natis.
956 449 1068 502 quod
1092 449 1260 503 desipis,
1284 449 1381 490 inde
1405 453 1480 498 est,

367 523 466 564 inde
490 524 625 563 animi
650 523 786 577 caligo
811 528 854 564 et
878 537 1034 578 magna
1058 524 1218 565 obliuio
1243 538 1385 565 rerum

368 612 472 652 quas
495 597 619 638 modo
644 598 824 651 gessisti.
896 603 1040 639 tamen
1064 599 1143 639 hoc
1169 599 1402 648 tolerabile,
1426 600 1462 640 si
1487 612 1573 640 non

232 683 293 712 615
363 677 407 713 et
430 672 568 713 furere
592 672 774 725 incipias
798 678 850 713 ut
873 673 1108 714 auunculus
1133 673 1207 714 ille
1232 674 1431 723 Neronis,

366 748 435 788 cui
460 752 596 788 totam
622 748 798 788 tremuli
822 748 1008 789 frontem
1034 748 1238 789 Caesonia
1261 750 1372 803 pulli

365 821 538 863 infudit.
609 836 715 876 quae
741 837 827 863 non
851 823 979 864 faciet
1003 823 1117 878 quod
1141 825 1346 878 principis
1369 826 1510 865 uxor?

366 896 572 938 ardebant
597 902 752 938 cuncta
776 902 819 938 et
844 898 981 939 fracta
1006 912 1194 953 conpage
1218 900 1401 940 ruebant

366 985 453 1012 non
477 971 604 1013 aliter
628 986 757 1027 quam
782 973 818 1013 si
842 973 1011 1014 fecisset
1036 973 1147 1014 Iuno
1170 975 1376 1015 maritum

234 1056 295 1087 620
364 1047 574 1088 insanum.
644 1048 789 1088 minus
814 1061 911 1103 ergo
936 1062 1090 1089 nocens
1115 1049 1197 1090 erit
1219 1049 1485 1104 Agrippinae

365 1121 544 1171 boletus,
569 1122 780 1176 siquidem
805 1124 936 1164 unius
961 1123 1204 1177 praecordia
1228 1125 1385 1178 pressit

366 1196 440 1238 ille
465 1197 579 1238 senis
604 1198 923 1252 tremulumque
947 1203 1077 1252 caput
1102 1199 1352 1241 descendere
1377 1200 1505 1242 iussit

364 1272 410 1311 in
439 1271 603 1312 caelum
628 1277 670 1313 et
696 1273 824 1327 longa
849 1274 1073 1314 manantia
1097 1273 1216 1314 labra
1241 1275 1402 1316 saliua:

363 1347 466 1387 haec
489 1347 626 1400 poscit
650 1347 810 1388 ferrum
834 1353 963 1402 atque
987 1349 1121 1403 ignes,
1146 1349 1247 1390 haec
1270 1350 1389 1403 potio
1414 1354 1598 1404 torquet,

231 1431 293 1462 625
363 1422 466 1462 haec
484 1422 644 1464 lacerat
668 1423 828 1464 mixtos
853 1424 1048 1477 equitum
1073 1438 1171 1465 cum
1195 1425 1404 1480 sanguine
1428 1431 1580 1480 patres.

364 1498 478 1539 tanti
501 1503 648 1552 partus
672 1512 816 1553 equae,
840 1500 955 1540 tanti
981 1514 1066 1540 una
1091 1501 1277 1541 uenefica
1302 1507 1480 1543 constat.

431 1572 616 1614 oderunt
640 1579 764 1615 natos
789 1574 839 1615 de
863 1575 1047 1628 paelice;
1083 1589 1207 1617 nemo
1232 1582 1455 1631 repugnet,

363 1662 488 1689 nemo
512 1654 644 1697 uetet,
670 1650 756 1690 iam
781 1650 869 1690 iam
892 1650 1144 1705 priuigninn
1169 1652 1355 1692 occidere
1380 1653 1444 1693 fas
1469 1658 1541 1693 est.

364 1737 439 1764 uos
464 1737 554 1778 ego,
578 1724 748 1778 pupilli,
773 1738 936 1774 moneo,
960 1726 1117 1780 quibus
1141 1727 1323 1781 amplior
1346 1732 1411 1768 est
1435 1741 1511 1777 res,

230 1809 292 1839 630
361 1798 575 1840 custodite
600 1800 767 1841 animas
791 1805 835 1841 et
860 1800 971 1840 nulli
994 1801 1154 1842 credite
1178 1815 1374 1843 mensae:

294 1911 382 1942 inter
396 1915 459 1944 614
475 1914 509 1944 et
525 1916 587 1944 615
604 1913 635 1945 U
651 1922 727 1944 011111
740 1913 855 1954 paucis
867 1917 935 1945 tres
947 1924 1063 1945 uersus
1076 1914 1179 1946 habet
1189 1924 1272 1956 quos
1284 1915 1371 1947 infra
1383 1926 1526 1958 ponam;
1548 1915 1679 1948 eosdem
1692 1919 1770 1959 post

230 1963 289 1994 601
315 1966 470 2005 corrupte
493 1964 634 2006 scriptos
657 1965 795 1997 exhibet
819 1965 916 1997 Laur.
938 1975 1056 1997 XXXIV
1080 1968 1144 2006 42;
1168 1966 1212 1998 ad
1229 1969 1289 1999 614
1307 1967 1416 2000 adfert
1432 1967 1542 2008 Valla,
1562 1979 1640 2010 quos
1655 1968 1770 2011 inquit

232 2016 266 2046 iu
283 2017 518 2056 antiquissimo
534 2018 675 2057 leyimus
691 2018 793 2049 codice
809 2021 837 2049 et
853 2018 977 2050 Probus
993 2020 1094 2050 etiam
1109 2020 1208 2058 reffert

364 2111 525 2152 semper
548 2112 703 2153 aquam
727 2105 870 2154 portes
895 2101 1050 2142 rimosa
1073 2101 1128 2141 ad
1152 2101 1278 2151 dolia,
1303 2115 1469 2157 semper

364 2165 481 2206 istud
506 2179 616 2206 onus
640 2167 801 2216 subeas,
826 2168 932 2221 ipsis
955 2168 1231 2210 manantibus
1255 2170 1389 2218 urnis,

364 2245 448 2285 quo
485 2232 646 2285 (Laur.‚
682 2234 794 2287 quod
831 2233 865 2276 U
900 2235 1045 2288 Valla)
1069 2235 1242 2276 rabidus
1277 2241 1424 2277 nostro
1460 2236 1681 2277 Phalarim
1716 2235 1768 2277 de

499 2313 595 2354 rege
619 2300 779 2341 dedisti

230 2393 311 2426 haec
327 2396 367 2425 ut
389 2393 560 2426 quenalis
576 2405 644 2426 esse
669 2399 751 2437 puto
769 2396 858 2438 (quis
882 2397 972 2428 enim
996 2397 1079 2429 talia
1102 2397 1260 2430 illaturus
1284 2402 1356 2430 erat
1369 2399 1392 2437 2)
1410 2399 1459 2431 ita
1481 2397 1582 2430 laudo
1605 2397 1769 2430 iudicium

230 2445 310 2484 eius,
331 2445 401 2476 siue
417 2448 516 2487 poeta
533 2447 600 2478 fuit
615 2447 686 2478 siue
702 2447 934 2490 interpolator,
955 2450 1015 2491 qui
1031 2459 1145 2481 eorum
1161 2450 1197 2481 in
1214 2449 1325 2482 locum
1341 2461 1474 2482 uersum
1493 2452 1554 2482 615
1567 2449 1747 2482 substituit
1762 2461 1769 2489 3

230 2500 302 2529 tam
324 2497 419 2529 miris
442 2498 638 2540 ambagibus
662 2500 867 2531 sententiam
891 2501 1084 2540 inuoluunt,
1108 2511 1210 2543 quam
1233 2502 1270 2533 in
1294 2502 1454 2534 Classical
1477 2502 1610 2534 Review
1632 2501 1699 2533 uol.
1720 2510 1770 2533 xv

231 2558 286 2590 pp.
307 2549 369 2581 265
387 2559 435 2590 sq.
456 2549 631 2591 explicaui,
653 2550 711 2581 ubi
728 2550 819 2592 quod
834 2556 894 2583 aut
910 2553 1002 2584 istud
1023 2555 1083 2585 aut
1106 2554 1189 2594 ipsis
1211 2553 1248 2585 in
1265 2555 1364 2594 peius
1378 2553 1581 2586 mutandum
1598 2563 1666 2585 esse
1683 2552 1765 2592 dixi,

229 2599 321 2632 haud
344 2601 411 2632 scio
434 2610 478 2631 an
502 2600 699 2633 clementius
727 2613 828 2644 quam
856 2604 968 2635 uerius
995 2604 1225 2636 iudicauerim.
1272 2605 1481 2647 significatur
1504 2605 1637 2637 assidua
1661 2605 1769 2637 coitus

230 2650 336 2683 libido
359 2652 521 2684 amatorio
548 2652 792 2686 medicamento
818 2655 969 2695 incitata,
999 2656 1193 2688 Danaidum
1219 2657 1327 2689 labori
1353 2657 1473 2689 similis
1500 2660 1534 2689 et
1561 2657 1597 2688 in
1624 2656 1768 2688 furorem

230 2702 385 2735 suadens.
435 2703 476 2735 de
492 2705 593 2736 tertio
610 2715 708 2737 uersu
724 2706 801 2737 uide
821 2716 845 2738 v
867 2709 908 2739 25
924 2708 962 2739 de
978 2710 1124 2740 conuiua
1143 2709 1337 2750 Corybanta,
1359 2709 1450 2741 Mart
1461 2717 1500 2740 VI
1519 2710 1556 2740 11
1577 2710 1594 2740 9
1611 2712 1770 2749 praestem

231 2756 392 2796 Pyladen,
413 2755 489 2787 Sen.
510 2756 550 2787 de
574 2758 660 2788 tran.
683 2768 735 2789 an.
761 2760 801 2789 14
826 2762 843 2790 4
868 2759 1029 2791 Phalaris
1052 2761 1111 2792 ille
1134 2770 1194 2802 pro
1222 2760 1376 2802 Caligula
1465 2765 1527 2793 623
1555 2761 1662 2801 longa
1686 2784 1693 2793 .
1723 2784 1730 2792 .
1760 2785 1767 2792 .

231 2808 348 2840 saliua
371 2807 448 2847 (hoc
471 2808 509 2847 S)
532 2808 626 2846 PPG,
653 2809 794 2849 longam
819 2834 825 2842 .
855 2835 862 2842 .
892 2835 898 2843 .
926 2812 1079 2843 saliuam
1098 2809 1137 2842 Ψ
1226 2816 1288 2845 626
1315 2813 1411 2844 tanti
1436 2811 1540 2844 altero
1568 2811 1640 2843 loco
1667 2810 1765 2850 P2G,

232 2862 406 2900 quantum
422 2858 459 2890 Ψ
