1947 3145
253 112 274 151 1
286 111 345 150 24
851 105 1178 147 IVVENALIS

381 240 486 281 quae
511 229 753 267 monstrant
777 224 859 278 ipsi
883 223 1026 277 pueris
1052 222 1314 276 traduntque
1339 228 1544 277 parentes.

382 303 418 343 si
443 302 644 342 damnosa
669 313 809 340 senem
835 299 958 338 iuuat
983 297 1086 346 alea,
1110 297 1223 337 ludit
1248 303 1291 338 et
1314 299 1434 339 heres

286 388 305 420 5
375 377 565 418 bullatus
590 387 804 429 paruoque
830 373 975 413 eadem
1000 377 1145 413 mouet
1170 386 1285 413 arma
1310 373 1471 414 fritillo,

382 466 455 492 nec
481 451 633 491 melius
657 449 708 489 de
733 462 775 489 se
794 448 998 501 cuiquam
1024 461 1187 501 sperare
1210 448 1446 502 propinquo

381 526 580 568 concedet
604 523 784 571 iuuenis,
809 523 883 576 qui
907 523 1051 563 radere
1077 523 1226 563 tubera
1251 527 1397 573 terrae,

383 602 575 642 boletum
599 599 770 640 condire
795 602 840 639 et
864 598 1010 639 eodem
1035 598 1125 638 iure
1150 600 1342 640 natantis

383 689 570 730 mergere
594 673 793 715 ficedulas
817 673 969 714 didicit
993 673 1201 713 nebulone
1226 679 1402 727 parente

269 764 310 794 10
380 757 423 792 et
447 764 550 791 cana
575 752 840 790 monstrante
864 748 975 802 gula.
1046 762 1142 788 cum
1168 749 1377 802 septimus
1401 763 1538 790 annus

383 825 603 867 transierit
626 837 819 878 puerum,
844 823 1035 863 nondum
1059 824 1176 863 omni
1201 824 1328 864 dente
1353 829 1510 873 renato,

383 901 583 942 barbatos
607 899 708 940 licet
735 899 963 939 admoueas
987 898 1106 939 mille
1130 898 1228 939 inde
1253 900 1491 953 magistros,

384 977 486 1016 hinc
512 974 707 1023 totidem,
727 974 867 1027 cupiet
893 973 1012 1015 lauto
1037 987 1185 1014 cenare
1209 978 1363 1028 paratu

382 1063 546 1104 semper
571 1054 614 1090 et
639 1063 663 1089 a
686 1063 842 1103 magna
866 1062 951 1089 non
978 1049 1228 1102 degenerare
1252 1049 1405 1091 culina.

269 1138 311 1169 23
382 1125 487 1181 quid
511 1124 659 1165 suadet
683 1124 830 1164 iuueni
854 1123 992 1164 laetus
1017 1123 1197 1164 stridore
1221 1128 1395 1164 catenae

271 1213 312 1244 24
382 1214 509 1255 quem
534 1200 639 1240 mire
663 1199 869 1239 adficiunt
894 1198 1113 1252 inscripta,
1137 1198 1362 1253 ergastula,
1387 1201 1557 1239 carcer?

271 1288 312 1319 15
385 1275 538 1316 mitem
562 1275 758 1315 animum
782 1278 825 1314 et
849 1287 986 1314 mores
1011 1273 1187 1314 modicis
1212 1274 1423 1315 erroribus
1447 1287 1601 1327 aequos

385 1351 606 1405 praecipit,
631 1354 765 1403 utque
788 1349 951 1390 animas
971 1363 1190 1390 seruorum
1216 1354 1258 1390 et
1283 1363 1455 1403 corpora
1480 1354 1626 1390 nostra

386 1425 567 1467 materia
591 1429 780 1466 constare
804 1428 930 1478 putet
953 1425 1208 1478 paribusque
1232 1424 1466 1473 elementis,

384 1516 439 1542 an
465 1500 627 1542 saeuire
653 1499 773 1540 docet
798 1499 986 1548 Rutilus,
1010 1500 1086 1553 qui
1111 1499 1269 1554 gaudet
1293 1499 1441 1540 acerbo

388 1577 612 1631 plagarum
637 1574 821 1627 strepitu
845 1578 888 1614 et
913 1574 1078 1614 nullam
1105 1575 1254 1615 Sirena
1274 1574 1452 1629 flagellis

272 1663 313 1693 20
386 1654 599 1705 conparat,
623 1649 885 1702 Antiphates
910 1649 1067 1703 trepidi
1092 1649 1192 1690 laris
1216 1663 1263 1689 ac
1288 1649 1585 1704 Polyphemus,

388 1731 490 1767 tunc
514 1725 630 1773 seliX‚
655 1724 850 1779 quotiens
874 1724 1028 1778 aliquis
1053 1729 1208 1765 tortore
1232 1729 1382 1765 uocato

386 1801 524 1842 uritur
547 1800 712 1840 ardenti
737 1799 820 1839 duo
844 1803 1017 1853 propter
1042 1799 1174 1840 lintea
1199 1799 1335 1840 ferro?

273 1889 313 1919 25
385 1876 571 1917 rusticus
595 1878 792 1928 expectas
815 1879 864 1915 ut
888 1888 974 1914 non
998 1874 1054 1915 sit
1079 1874 1269 1914 adultera
1294 1875 1453 1929 Largae

389 1952 489 2000 filia,
514 1964 619 2004 quae
644 1963 878 2003 numquam
902 1953 1114 1990 maternos
1138 1949 1273 1990 dicere
1297 1950 1493 1991 moechos

387 2032 478 2068 tam
501 2026 587 2066 cito
611 2038 688 2066 nec
712 2029 833 2065 tanto
857 2025 1016 2078 poterit
1040 2029 1261 2065 contexere
1284 2038 1409 2065 cursu

385 2106 434 2143 ut
453 2114 537 2141 non
563 2100 765 2141 terdecies
788 2100 995 2153 respiret?
1063 2100 1226 2140 conscia
1249 2100 1376 2140 matri

388 2177 505 2231 uirgo
530 2176 626 2225 fuit,
650 2188 762 2216 ceras
786 2188 899 2215 nunc
924 2175 1004 2215 hac
1028 2175 1217 2215 dictante
1241 2175 1418 2229 pusillas

276 2263 317 2293 30
387 2251 540 2305 implet
564 2258 607 2292 et
631 2251 684 2291 ad
707 2250 931 2291 moechum
955 2250 1029 2290 dat
1054 2250 1211 2290 eisdem
1236 2250 1342 2291 ferre
1365 2250 1562 2291 cinaedis.

320 2353 338 2380 ‘1
367 2349 535 2380 concedet
562 2348 597 2386 P,
627 2348 788 2379 concedit.
814 2345 851 2378 Ψ
941 2351 958 2378 9
975 2346 1104 2386 ficellas
1128 2346 1365 2378 Lachmannus
1453 2350 1493 2378 11
1516 2354 1665 2386 puerum
1687 2344 1786 2383 PAU,

253 2408 364 2441 puero
379 2398 417 2430 Ψ
506 2403 546 2431 23
572 2401 606 2429 et
630 2402 671 2430 24
694 2401 773 2429 ante
797 2402 838 2430 15
860 2398 964 2439 posui.
1016 2398 1162 2440 primum
1180 2398 1333 2429 uniuerse
1350 2397 1432 2440 quid
1449 2397 1588 2429 suadeat
1604 2396 1682 2428 talis
1698 2398 1792 2438 pater

253 2452 492 2492 interrogatur,
530 2449 651 2481 deinde
688 2460 771 2481 num
810 2450 928 2481 mitem
960 2449 1110 2480 animum
1149 2449 1355 2491 praecipiat;
1394 2460 1493 2491 quem
1528 2448 1676 2481 ordinem
1714 2447 1792 2478 libri

255 2504 434 2536 inuertunt
502 2507 543 2534 24
556 2512 656 2544 supra
668 2503 755 2534 mire
767 2502 930 2543 scriptum
943 2503 1091 2534 nimium
1103 2503 1138 2533 P.
1178 2500 1356 2533 adficiendi
1368 2502 1470 2533 uerbo
1482 2500 1638 2532 similiter
1650 2508 1728 2531 usus
1741 2501 1792 2530 est

256 2554 388 2587 Plinius
401 2564 450 2596 ep.
464 2562 508 2585 111
523 2555 539 2584 1
553 2555 570 2585 9
639 2555 815 2593 inscripta.
827 2553 873 2592 Ψ,
892 2555 1028 2593 scripta
1040 2555 1100 2590 PS,
1116 2555 1270 2593 inscripti
1282 2553 1326 2584 H.
1341 2552 1559 2584 Richardsius
1625 2555 1665 2583 16
1681 2553 1792 2591 utque

255 2606 338 2638 olim
361 2604 594 2644 Buechelerus,
614 2607 722 2645 atque
746 2604 819 2643 ΡΨ,
838 2607 943 2645 etque
967 2605 1051 2637 Brit.
1074 2606 1112 2636 15
1138 2605 1165 2636 B
1182 2613 1239 2636 ΧΠ
1263 2608 1297 2636 et
1319 2608 1359 2636 ut
1381 2604 1519 2636 uidetur
1541 2605 1568 2636 Ο
1655 2603 1792 2634 animas

257 2659 384 2696 PAFU,
413 2658 549 2689 animos
581 2657 694 2688 GLOT
783 2661 823 2688 17
855 2658 959 2696 putet
989 2655 1071 2687 olim
1098 2655 1332 2695 Buechelerus,
1359 2657 1467 2696 putat
1493 2654 1566 2687 ΡΨ.
1615 2663 1683 2685 non
1710 2652 1792 2694 quid

257 2712 356 2752 putet
390 2708 528 2740 Rutilus
564 2707 621 2739 sed
657 2707 739 2749 quid
774 2708 926 2750 exemplo
964 2708 1081 2740 doceat
1115 2708 1298 2749 quaeritur.
1359 2706 1554 2739 Buecheleri
1585 2706 1793 2737 coniecturae

257 2761 418 2794 obstabat
436 2759 525 2802 quod
549 2759 651 2791 uerbo
670 2763 762 2799 putet
785 2759 898 2791 deerat
922 2759 1131 2791 subiectum:
1164 2759 1198 2790 id
1222 2769 1313 2791 nunc
1335 2758 1440 2796 adest,
1458 2757 1608 2789 uersibus
1631 2758 1671 2788 23
1689 2767 1737 2798 sq.
1757 2756 1792 2788 in

257 2822 356 2845 suum
387 2812 498 2843 locum
529 2811 693 2843 reuocatis
782 2815 822 2842 18
856 2812 988 2843 rutilus
1020 2812 1119 2850 OTU,
1155 2812 1298 2842 rutulus
1327 2811 1452 2844 AFGL,
1486 2810 1607 2841 rutilis
1637 2809 1663 2841 P
1751 2812 1792 2840 30

258 2865 442 2897 moechum
458 2864 527 2901 PU,
547 2863 708 2895 moechos
724 2861 761 2893 Ψ
779 2862 878 2894 Prisc.
900 2862 1030 2895 G.L.K.
1052 2871 1081 2894 11
1099 2872 1129 2904 p.
1147 2864 1209 2893 298
1227 2864 1261 2893 et
1278 2863 1349 2899 304,
1368 2870 1412 2893 111
1429 2871 1461 2903 p.
1483 2861 1523 2892 10
1540 2862 1574 2892 et
1590 2861 1651 2892 361
