1947 3145
814 109 1046 150 SATVRA
1084 109 1104 148 Ι
1699 108 1723 148 3

327 232 402 269 aut
426 226 682 268 Diomedeas
706 231 783 267 aut
807 227 1023 281 mugitum
1047 225 1289 279 labyrinthi

327 308 370 345 et
394 315 509 343 mare
532 315 779 356 percussum
804 315 933 355 puero
959 301 1209 355 fabrumque
1234 300 1467 349 uolantem,

215 389 282 435 555¹
324 392 422 419 cum
445 378 541 419 leno
566 377 750 430 accipiat
774 377 939 418 moechi
964 377 1086 425 bona,
1111 377 1147 417 si
1171 375 1369 430 capiendi

272 464 303 496 ἃ
327 454 394 494 ius
419 452 588 493 nullum
614 452 749 501 uxori,
774 451 923 494 doctus
949 458 1136 506 spectare
1159 451 1345 500 lacunar,

327 528 476 569 doctus
500 532 544 568 et
567 527 622 568 ad
645 527 819 568 calicem
845 526 1049 581 uigilanti
1074 531 1252 568 stertere
1276 539 1403 576 naso3

326 617 424 644 cum
447 603 511 644 fas
535 616 622 644 esse
648 607 773 657 putet
797 616 942 643 curam
967 615 1133 656 sperare
1157 602 1344 643 cohortis

327 678 401 732 qui
425 678 534 718 bona
559 677 738 718 donauit
762 678 1036 730 praesepibus
1060 682 1103 717 et
1127 682 1241 718 caret
1265 676 1383 717 omni

216 763 256 794 60
324 753 534 793 maiorum
559 765 699 801 censu,
723 752 825 792 dum
850 752 1043 806 peruolat
1068 765 1145 792 axe
1170 753 1304 793 citato

327 828 587 869 Flaminiam
612 841 713 881 puer
736 827 1041 869 Automedon?
1111 841 1211 867 nam
1235 826 1323 867 lora
1350 826 1526 867 tenebat

326 903 428 957 ipse,
452 903 691 944 lacernatae
716 916 813 943 cum
839 916 880 942 se
904 902 1083 942 iactaret
1108 902 1275 942 amicae.

328 991 470 1019 nonne
495 978 602 1019 libet
626 977 767 1018 medio
792 991 907 1018 ceras
931 977 1094 1031 inplere
1119 990 1291 1030 capaces

327 1053 568 1111 quadrinio,
592 1067 688 1095 cum
713 1053 799 1093 iam
824 1058 945 1093 sexta
969 1052 1129 1093 ceruice
1154 1052 1316 1092 feratur

215 1138 255 1169 65
326 1128 426 1169 hinc
450 1133 581 1182 atque
605 1127 705 1167 inde
730 1132 882 1181 patens
907 1140 953 1168 ac
979 1126 1094 1166 nuda
1118 1139 1252 1180 paene
1277 1125 1480 1167 cathedra

325 1208 369 1244 et
393 1203 581 1244 multum
606 1203 792 1244 referens
816 1202 867 1242 de
894 1202 1142 1242 Maecenate
1167 1201 1322 1255 supino

326 1278 518 1333 signator
541 1277 651 1326 falsi,
677 1277 751 1331 qui
777 1290 819 1318 se
844 1265 1013 1316 lautum
1036 1280 1166 1329 atque
1191 1276 1369 1317 beatum

316 1353 490 1408 >exiguis
515 1353 677 1394 tabulis
701 1358 745 1394 et
770 1366 936 1407 gemma
961 1351 1110 1392 fecerit
1135 1351 1251 1392 uda?

325 1429 511 1470 occurrit
534 1433 730 1469 matrona
755 1434 918 1481 potens,
943 1440 1048 1480 quae
1073 1426 1200 1467 molle
1225 1426 1435 1468 Calenum

215 1511 254 1545 70
324 1490 570 1558 porrectura
594 1504 687 1544 uiro
712 1503 862 1543 miscet
887 1503 1062 1544 sitiente
1088 1502 1284 1542 rubetam

324 1579 606 1634 instituitque
631 1579 756 1620 rudes
780 1578 930 1618 melior
954 1578 1139 1618 Lucusta
1162 1577 1423 1630 propinquas

324 1668 400 1708 per
424 1655 582 1696 famam
607 1662 651 1696 et
675 1654 880 1708 populum
905 1653 1048 1707 nigros
1072 1652 1218 1693 efferre
1243 1652 1429 1692 maritos.

325 1730 432 1771 aude
457 1730 622 1784 aliquid
646 1730 846 1770 breuibus
872 1728 1028 1782 Gyaris
1053 1732 1097 1768 et
1122 1740 1284 1767 carcere
1309 1726 1488 1781 dignum

325 1805 360 1846 si
385 1805 451 1846 uis
474 1819 561 1847 esse
585 1804 760 1859 aliquid.
831 1803 1025 1858 probitas
1049 1800 1319 1883 laudatur‘ff
1343 1801 1472 1856 alget,

213 1889 252 1922 75
323 1881 578 1922 criminibus
602 1880 760 1921 debent
786 1880 943 1927 hortos,
967 1877 1191 1932 praetoria,
1216 1889 1395 1925 mensas,

323 1963 552 2010 argentum
577 1961 704 1996 uetus
728 1960 771 1996 et
792 1959 980 1996 stantem
1005 1958 1126 1994 extra
1149 1951 1301 2006 pocula
1324 1965 1512 2005 caprum.

266 2035 270 2039 ’
324 2045 452 2085 quem
475 2032 642 2086 patitur
668 2030 851 2071 dormire
876 2041 1009 2069 nurus
1033 2033 1253 2081 corruptor
1276 2040 1442 2076 auarae,

324 2120 451 2161 quem
475 2120 654 2161 sponsae
678 2111 825 2160 turpes
850 2110 894 2145 et
917 2107 1212 2158 praetextatus
1236 2101 1406 2143 adulter
1427 2103 1441 2142 2

151 2225 157 2234 ,Ἴ
324 2182 359 2223 si
383 2187 536 2223 natura
560 2186 701 2237 negat,
726 2181 829 2222 facit
853 2179 1096 2234 indignatio
1121 2191 1291 2218 uersum

137 2244 149 2253 U
212 2268 253 2299 80
323 2258 678 2312 qualemcumque
702 2261 856 2311 potest,
880 2254 1028 2309 quales
1052 2267 1128 2308 ego
1153 2253 1222 2294 uel
1248 2253 1494 2294 Cluuienus.

391 2347 443 2374 ex
468 2346 554 2387 quo
577 2331 814 2373 Deucalion
839 2330 999 2370 nimbis
1023 2329 1278 2370 tollentibus
1302 2341 1462 2382 aequor

65 2396 135 2459 ψχὲ
150 2398 158 2413 ι’
324 2408 499 2463 nauigio
523 2413 714 2448 montem
738 2406 930 2448 ascendit
954 2410 1170 2458 sortesque
1194 2403 1388 2458 poposcit

321 2483 617 2538 paulatimque
642 2482 785 2523 anima
808 2481 1038 2522 caluerunt
1062 2478 1209 2520 mollia
1234 2492 1335 2519 saxa

322 2564 366 2601 et
389 2560 581 2600 maribus
604 2558 742 2599 nudas
766 2556 955 2598 ostendit
981 2556 1149 2610 Pyrrha
1173 2554 1350 2608 puellas,

212 2645 252 2677 85
321 2634 532 2689 quidquid
556 2637 691 2689 agunt
716 2632 921 2681 homines,
946 2635 1110 2679 uotum,
1134 2630 1276 2679 timor,
1300 2629 1377 2678 ira,
1401 2628 1613 2682 uoluptas,

254 2727 294 2755 65
307 2723 423 2763 adque
439 2723 465 2755 P
483 2721 672 2762 similiaque
689 2720 821 2762 passim,
842 2719 938 2750 uelut
952 2718 1038 2759 quod
1057 2728 1115 2759 pro
1131 2720 1217 2757 quot,
1239 2720 1355 2748 contra
1371 2715 1462 2748 haud
1479 2726 1551 2747 raro
1566 2719 1619 2755 set,
1640 2724 1725 2756 quae

188 2784 264 2806 cum
290 2785 408 2816 parum
432 2776 625 2806 constanter
651 2783 671 2803 a
701 2771 916 2803 collatoribus
947 2772 1082 2801 enotata
1113 2769 1183 2800 sint
1213 2768 1408 2810 plerumque
1439 2767 1594 2799 omittam
1684 2771 1724 2798 67

185 2826 272 2857 falsi
293 2827 321 2858 P
342 2825 446 2858 vind.
474 2825 562 2857 sicut
584 2823 769 2856 coniecerat
793 2821 1022 2861 Marklandus,
1051 2821 1144 2853 falsa
1168 2821 1205 2859 G,
1226 2821 1318 2853 falso
1339 2818 1377 2851 Ψ
1465 2823 1505 2852 68
1529 2819 1654 2851 fecerit
1673 2819 1724 2850 Ps

188 2876 291 2909 vind.
311 2878 407 2917 Gor,
429 2878 563 2909 fecerat
577 2877 668 2908 ALU
757 2879 797 2907 85
813 2875 921 2906 timor
936 2883 1000 2905 om.
1021 2873 1047 2905 P
