1947 3145
251 102 276 142 8
287 103 310 141 2
848 99 1175 140 IVVENALIS

382 219 641 272 praesidium
665 218 865 258 attonitis
889 220 931 256 et
955 217 1000 255 in
1025 215 1140 255 omni
1164 219 1309 255 monte
1334 214 1510 254 laborat.

250 304 312 334 240
383 298 555 334 tantum
581 293 713 347 igitur
736 305 878 331 muros
903 291 1019 331 intra
1043 294 1142 345 toga
1166 289 1353 330 contulit
1377 289 1444 328 illi

383 368 570 408 nominis
594 381 642 407 ac
666 366 799 414 tituli,
824 370 1034 419 quantum
1058 363 1138 416 †in
1162 364 1362 412 Leucade,
1386 368 1600 417 quantum

385 442 621 483 Thessaliae
645 440 803 493 campis
828 439 1034 480 Octauius
1058 439 1241 479 abstulit
1265 439 1347 478 udo

383 517 582 558 caedibus
605 515 794 555 adsiduis
819 514 984 569 gladiog
1021 514 1092 555 sed
1117 514 1253 554 Roma
1276 518 1508 567 parentem,

383 592 518 632 Roma
542 594 709 643 patrem
732 589 899 642 patriae
924 588 1169 629 Ciceronem
1193 589 1328 629 libera
1351 588 1474 628 dixit.

251 677 312 706 245
382 665 570 719 Arpinas
594 664 705 704 alius
729 663 980 704 Volscorum
1004 664 1050 703 in
1073 668 1217 704 monte
1243 663 1404 703 solebat

383 752 550 793 poscere
574 738 785 779 mercedes
809 738 946 778 alieno
971 738 1104 779 lassus
1128 743 1280 786 aratro,

384 815 585 855 nodosam
609 817 705 868 post
730 814 833 854 haec
858 813 1084 868 frangebat
1108 814 1264 854 uertice
1290 813 1438 861 uitem,

383 889 418 929 si
442 889 585 930 lentus
609 889 732 943 pigra
756 889 944 929 muniret
969 893 1105 929 castra
1130 888 1329 938 dolabra3

383 965 453 1005 hic
477 969 621 1005 tamen
645 968 689 1004 et
715 964 910 1005 Cimbros
933 968 977 1004 et
1002 977 1167 1004 summa
1190 963 1377 1018 pericula
1400 976 1544 1004 rerum

249 1050 311 1080 250
380 1039 540 1093 excipit
564 1043 608 1080 et
634 1039 748 1079 solus
772 1038 1062 1092 trepidantem
1087 1039 1276 1093 protegit
1300 1038 1461 1087 urbem,

382 1120 511 1168 atque
536 1114 640 1163 ideo,
663 1118 890 1168 postquam
914 1113 966 1154 ad
993 1114 1186 1154 Cimbros
1211 1119 1479 1168 stragemque
1504 1113 1708 1154 uolebant

382 1190 455 1243 qui
480 1203 715 1243 numquam
738 1189 978 1243 attigerant
1002 1189 1163 1229 maiora
1187 1189 1392 1230 cadauera
1415 1189 1546 1238 corui,

381 1265 540 1305 nobilis
564 1269 740 1305 ornatur
763 1264 882 1304 lauro
906 1264 1065 1319 collega
1089 1264 1282 1305 secunda.

382 1339 572 1393 plebeiae
596 1339 826 1380 Deciorum
851 1339 1030 1388 animae,
1054 1339 1220 1393 plebeia
1245 1339 1422 1380 fuerunt

249 1425 311 1455 255
381 1415 583 1465 nomina3
617 1427 693 1468 pro
719 1414 823 1454 totis
847 1414 1085 1468 legionibus
1109 1414 1155 1454 hi
1180 1418 1324 1454 tamen
1349 1418 1391 1454 et
1416 1427 1492 1468 pro

384 1489 582 1530 omnibus
606 1488 781 1529 auxiliis
804 1493 934 1542 atque
959 1489 1076 1529 omni
1100 1489 1212 1543 pube
1237 1489 1390 1529 Latina

383 1564 602 1605 sufficiunt
627 1563 693 1604 dis
716 1564 893 1604 infernis
918 1564 1152 1617 Terraeque
1176 1564 1355 1617 parenti.

383 1639 540 1693 [pluris
565 1640 680 1680 enim
704 1639 828 1680 Decii
853 1653 981 1693 quam
1007 1652 1114 1693 quae
1139 1643 1366 1680 seruantur
1391 1639 1443 1679 ab
1468 1639 1586 1692 illis]

384 1714 539 1755 ancilla
562 1719 691 1755 natus
716 1714 905 1755 trabeam
930 1719 973 1755 et
998 1714 1193 1755 diadema
1219 1714 1391 1764 Quirini

251 1799 314 1831 260
383 1794 426 1830 et
451 1790 582 1830 fasces
606 1789 778 1838 meruit,
802 1803 951 1844 regum
977 1789 1157 1830 ultimus
1181 1789 1253 1830 ille
1277 1790 1495 1830 bonorum.

384 1864 555 1918 prodita
579 1864 783 1906 laxabant
807 1869 1029 1918 portarum
1053 1864 1241 1905 claustra
1266 1865 1464 1919 tyrannis

385 1939 581 1980 exulibus
606 1940 781 1980 iuuenes
806 1939 941 1993 ipsius
965 1939 1151 1980 consulis
1175 1945 1218 1980 et
1244 1953 1350 1993 quos

386 2028 592 2070 magnum
617 2014 784 2068 aliquid
809 2014 937 2055 dubia
961 2028 1038 2068 pro
1063 2015 1264 2055 libertate
1289 2014 1463 2063 deceret,

386 2090 499 2144 quod
523 2090 753 2130 miraretur
777 2104 874 2130 cum
900 2090 1061 2130 Coclite
1086 2090 1256 2131 Mucius
1280 2095 1323 2131 et
1348 2103 1454 2144 quae

253 2176 314 2206 265
384 2165 556 2218 imperii
581 2165 686 2206 fines
711 2165 960 2206 Tiberinum
984 2166 1104 2220 uirgo
1129 2165 1325 2206 natauit:

387 2240 554 2281 occulta
578 2241 632 2281 ad
654 2245 798 2294 patres
821 2240 1027 2294 produxit
1051 2241 1232 2281 crimina
1257 2255 1403 2282 seruus

385 2316 592 2356 matronis
617 2316 840 2370 lugendus,
863 2320 910 2357 at
934 2316 1030 2357 illos
1054 2317 1228 2357 uerbera
1252 2317 1382 2358 iustis

389 2390 595 2431 adficiunt
620 2391 769 2444 poenis
793 2396 836 2432 et
861 2391 1005 2445 legum
1030 2392 1168 2444 prima
1192 2392 1355 2432 securis.

453 2464 566 2505 malo
589 2470 710 2518 pater
735 2466 816 2506 tibi
841 2467 897 2507 sit
923 2467 1147 2515 Thersites,
1171 2466 1399 2507 dummodo
1425 2472 1473 2508 tu
1498 2466 1555 2508 sis

254 2550 317 2582 270
386 2540 597 2580 Aeacidae
622 2541 774 2581 similis
799 2542 1089 2596 Volcaniaque
1113 2556 1229 2582 arma
1253 2556 1453 2596 capessas,

317 2657 378 2685 239
394 2655 513 2685 monte
537 2651 647 2685 SEFG
663 2656 697 2685 et
713 2654 774 2685 sub
790 2664 852 2686 ras.
874 2656 909 2694 P,
929 2657 1046 2687 mente
1063 2656 1103 2694 U,
1123 2657 1228 2695 gente
1244 2654 1290 2693 Ψ,
1313 2657 1480 2697 praeterea
1495 2656 1602 2694 ponte
1618 2652 1656 2686 Σ.
1704 2653 1782 2686 uide

252 2705 327 2738 Val.
348 2704 397 2736 Fl.
419 2713 432 2736 1
451 2706 500 2743 14,
522 2704 608 2736 Stat.
629 2705 703 2737 silu.
726 2714 763 2737 1v
781 2707 799 2737 5
818 2707 857 2738 33
946 2711 1007 2738 241
1032 2708 1069 2738 in
1091 2708 1216 2746 PSGU,
1243 2716 1313 2739 non
1336 2706 1382 2746 Ψ,
1402 2707 1467 2738 sibi
1490 2706 1629 2738 Iahnius
1718 2710 1781 2739 256

250 2759 343 2799 pube
362 2757 517 2795 PSAGU,
538 2757 639 2796 plebe
656 2758 766 2788 FLO'I'
854 2762 916 2790 258
932 2757 996 2790 del.
1014 2758 1185 2790 Dobraeus
1271 2767 1361 2799 quae
1377 2757 1452 2797 ΡΨ,
1469 2758 1530 2798 qui
1546 2757 1614 2788 flor.
1630 2757 1782 2789 Parisina

337 2811 526 2841 seruantur
549 2807 622 2845 ΡΨ,
648 2810 813 2840 seruatur
836 2807 864 2840 Σ
888 2812 922 2840 et
945 2820 961 2840 e
985 2820 1064 2841 corr.
1088 2811 1115 2842 Ο
1217 2814 1278 2841 266
1306 2810 1474 2849 produxit
1497 2810 1522 2841 P
1547 2808 1632 2840 Brit.
1661 2810 1776 2849 30861,

250 2861 374 2893 eduxit
386 2859 432 2900 Ψ,
450 2861 592 2892 seduxit
601 2861 626 2892 F
708 2864 770 2891 270
782 2861 1017 2902 uulcaniaque
1030 2859 1076 2898 Ψ,
1091 2861 1302 2901 uulcanique
1316 2862 1350 2899 P,
1364 2861 1529 2892 uulcania
1541 2862 1581 2898 U,
1595 2861 1737 2893 uolcani
1752 2861 1783 2893 G
