1947 3145
169 106 230 146 44
768 107 1097 148 IVVENALIS

302 223 424 264 nulla
449 238 651 278 umquam
676 225 726 265 de
750 229 887 265 morte
910 225 1099 265 hominis
1123 225 1340 266 cunctatio
1364 224 1491 279 longa
1515 223 1602 265 est.'

302 302 310 317 ‘
329 312 351 338 0
376 298 559 347 demens,
584 299 645 339 ita
671 313 814 339 seruus
835 300 960 339 homo
985 301 1081 340 est?
1150 299 1212 339 nil
1239 299 1400 348 fecerit,
1423 303 1538 340 esto:

304 373 382 414 hoc
405 374 513 422 uolo,
538 374 598 415 sic
622 374 754 422 iubeo,
779 375 836 414 sit
861 388 937 427 pro
961 375 1125 415 ratione
1149 374 1372 415 uoluntas?

304 448 487 501 imperat
512 462 610 502 ergo
636 449 738 488 uiro.
809 448 881 489 sed
905 462 1004 489 mox
1029 450 1132 490 haec
1156 463 1286 504 regna
1310 448 1518 502 relinquit

171 533 232 562 225
302 527 603 577 permutatque
628 523 772 564 domos
795 527 838 564 et
865 524 1059 564 flammea
1082 525 1287 575 conterit3
1322 524 1422 564 inde

304 598 448 639 auolat
472 606 514 639 et
539 599 671 652 spreti
696 599 852 652 repetit
877 600 1059 654 uestigia
1084 599 1193 640 lecti.

303 677 473 713 ornatas
499 673 626 726 paulo
651 678 751 714 ante
776 673 896 723 sores,
921 674 1154 728 pendentia
1177 675 1339 728 linquit

306 747 401 787 uela
425 747 576 788 domus
600 752 642 788 et
666 748 805 789 adhuc
830 749 990 790 uirides
1014 750 1059 789 in
1083 749 1231 790 limine
1256 762 1405 791 ramos.

305 822 365 862 sic
387 823 537 863 crescit
561 837 775 872 numerus,
799 824 859 865 sic
885 825 999 865 fiunt
1023 829 1116 865 octo
1141 824 1285 864 mariti

173 907 234 937 230
304 897 492 951 quinque
515 912 591 952 per
615 904 857 948 autumnos,
881 900 1013 940 titulo
1037 913 1103 940 res
1127 899 1257 954 digna
1283 899 1475 953 sepulcri.

372 972 631 1026 desperanda
657 974 738 1014 tibi
763 975 881 1015 salua
905 975 1125 1016 concordia
1149 989 1278 1016 socru.

305 1047 382 1088 illa
406 1048 527 1090 docet
552 1049 699 1103 spoliis
724 1050 828 1090 nudi
853 1050 1038 1105 gaudere
1062 1050 1221 1099 mariti,

304 1123 381 1163 illa
406 1123 526 1165 docet
550 1125 689 1165 missis
714 1139 738 1165 a
761 1130 1008 1179 corruptore
1033 1125 1204 1166 tabellis

305 1198 369 1238 nil
394 1199 498 1240 rude
522 1213 598 1240 nec
623 1200 806 1254 simplex
832 1201 1069 1250 rescribere,
1094 1200 1254 1254 decipit
1279 1200 1353 1239 illa

172 1284 234 1314 235
304 1274 498 1316 custodes
521 1282 600 1316 aut
624 1290 718 1316 aere
742 1276 914 1327 domat3
951 1281 1055 1317 tunc
1079 1289 1247 1330 corpore
1273 1289 1373 1316 sano

305 1350 486 1391 aduocat
510 1351 782 1406 Archigenen
801 1365 1057 1406 onerosaque
1081 1352 1213 1406 pallia
1237 1352 1380 1391 iactat.

305 1425 480 1466 abditus
505 1426 664 1467 interea
689 1426 796 1467 latet
821 1431 864 1468 et
889 1432 1074 1468 secretus
1098 1426 1268 1467 adulter

306 1501 610 1555 inpatiensque
635 1515 773 1542 morae
799 1502 897 1543 silet
922 1507 965 1543 et
990 1502 1211 1556 praeputia
1235 1502 1365 1543 ducit.

306 1576 469 1617 scilicet
495 1582 693 1631 expectas
719 1583 768 1619 ut
793 1578 938 1619 tradat
962 1583 1098 1619 mater
1123 1578 1322 1618 honestos

172 1661 234 1691 240
304 1656 432 1705 atque
456 1652 563 1692 alios
589 1665 724 1693 mores
750 1667 877 1706 quam
902 1667 1004 1707 quos
1030 1653 1190 1694 habet?
1259 1652 1366 1693 utile
1391 1665 1513 1706 porro

305 1726 483 1767 filiolam
508 1728 625 1781 turpi
651 1728 821 1769 uetulae
847 1728 1078 1782 producere
1103 1733 1285 1782 turpem.

372 1802 493 1843 nulla
518 1803 601 1843 fere
625 1817 750 1844 causa
775 1808 839 1844 est
864 1804 910 1843 in
936 1817 1019 1858 qua
1043 1817 1129 1844 non
1155 1803 1313 1844 femina
1339 1802 1461 1843 litem

305 1878 496 1918 mouerit.
567 1883 736 1919 accusat
761 1879 957 1927 Manilia,
981 1879 1016 1919 si
1041 1892 1110 1919 rea
1135 1892 1220 1919 non
1243 1882 1317 1919 est.

304 1957 553 2006 conponunt
578 1953 694 2007 ipsae
718 1967 793 2007 per
817 1967 860 1994 se
885 1954 1159 2008 formantque
1179 1953 1358 2001 libellos,

172 2038 234 2067 245
303 2028 566 2082 principium
590 2034 719 2082 atque
744 2029 856 2070 locos
883 2029 1004 2070 Celso
1030 2029 1190 2070 dictare
1215 2034 1398 2083 paratae.

373 2103 637 2144 endromidas
663 2105 812 2158 Tyrias
837 2109 880 2146 et
904 2105 1136 2145 femineum
1160 2117 1327 2145 ceroma

306 2178 401 2232 quis
424 2179 572 2228 nescit,
596 2179 664 2220 uel
690 2181 785 2234 quis
810 2194 895 2221 non
921 2180 1034 2220 uidit
1060 2180 1238 2220 uulnera
1261 2178 1363 2233 pali,

306 2266 432 2307 quem
456 2259 582 2295 cauat
607 2254 799 2295 adsiduis
822 2255 999 2296 rudibus
1025 2260 1228 2308 scutoque
1251 2253 1422 2294 lacessit

304 2332 432 2382 atque
455 2342 601 2370 omnes
625 2330 778 2383 implet
803 2344 999 2371 numeros
1023 2330 1274 2385 dignissima
1297 2341 1469 2383 prorsus

171 2413 234 2444 250
304 2402 463 2443 Florali
488 2409 684 2445 matrona
709 2406 826 2455 tuba,
850 2406 932 2446 nisi
957 2406 993 2447 si
1018 2405 1122 2460 quid
1148 2406 1193 2445 in
1219 2405 1295 2445 illo

235 2521 297 2548 222
314 2517 438 2549 fecerit
455 2516 530 2555 ΡΨ,
550 2519 674 2550 feceris
692 2520 758 2559 GO,
780 2521 914 2552 fecerat
935 2521 965 2552 U
1050 2524 1112 2552 235
1133 2521 1219 2551 tunc
1240 2517 1315 2557 ΡΨ,
1336 2519 1401 2549 aut
1417 2517 1453 2555 Ο,
1474 2517 1561 2547 reete
1583 2513 1701 2556 opinor

170 2572 241 2600 tum
257 2568 409 2600 restituit
425 2568 637 2608 Rihbeck1us,
659 2571 717 2611 qui
734 2579 773 2602 XI
793 2573 854 2602 110
874 2574 908 2603 et
923 2580 994 2603 XI11
1012 2572 1052 2602 40
1069 2570 1184 2602 eodem
1203 2569 1302 2601 modo
1324 2568 1484 2609 corrigere
1505 2565 1631 2598 oblitus
1653 2567 1703 2597 est

256 2624 319 2653 237
330 2623 366 2653 et
379 2631 442 2652 om.
458 2621 484 2652 P
537 2623 710 2653 arcessitus
723 2623 923 2661 Henninius,
936 2624 1108 2654 accersitus
1119 2621 1322 2654 Marshallus
1378 2624 1440 2652 238
1453 2619 1506 2650 hic
1518 2618 1704 2649 uersiculus

170 2673 207 2703 in
217 2673 416 2713 quibusdam
428 2673 590 2704 codicibus
600 2684 665 2704 non
677 2677 729 2711 est,
741 2675 853 2715 inquit
865 2675 990 2706 Probus
1003 2675 1102 2707 Valla
1188 2683 1307 2706 morae
1318 2672 1364 2711 Ψ,
1379 2680 1478 2703 mora
1488 2671 1538 2702 Ps
1621 2670 1704 2701 silet

169 2725 224 2756 ΡΟ
240 2723 373 2766 aliique,
394 2726 505 2764 pauet
521 2725 646 2764 <pallet
663 2726 700 2764 F)
717 2724 763 2763 Ψ,
781 2728 897 2757 metuit
915 2725 943 2758 Σ
957 2740 964 2759 :
991 2729 1148 2758 neutrum
1165 2725 1378 2767 aptissimum
1394 2721 1530 2754 uidetur
1597 2720 1705 2752 discit

170 2777 227 2808 GT
317 2780 378 2808 240
395 2777 502 2816 atque
524 2777 706 2816 PSALOU,
727 2780 791 2809 aut
808 2779 892 2809 FG'I'
980 2782 1042 2809 247
1063 2779 1121 2810 uel
1143 2779 1241 2816 PAU,
1263 2778 1328 2809 aut
1344 2775 1466 2813 FGo'r,
1487 2772 1527 2805 de
1543 2773 1570 2805 1.
1585 2772 1704 2804 siletur

255 2832 316 2860 248
332 2829 480 2860 rudibus
497 2829 521 2859 P
533 2832 567 2859 et
579 2831 618 2860 ut
634 2828 768 2860 uidetur
784 2831 810 2861 P
822 2830 910 2862 sicut
923 2830 1108 2862 coniecerat
1125 2829 1266 2871 LipsiuS‚
1285 2828 1431 2860 sudibus
1443 2824 1516 2866 ΨῙ),
1533 2825 1703 2857 ειικᾱίὒιιε

168 2882 195 2912 Τ
285 2884 348 2912 250
360 2881 399 2911 in
411 2881 478 2911 imo
491 2879 661 2911 Scholtius
