1947 3145
742 107 975 149 SATVRA
1008 108 1075 149 VI
1612 112 1640 151 4
1649 109 1674 155 ’7

276 224 405 278 inque
430 224 544 265 uices
567 225 766 278 equitant
790 239 838 266 ac
862 226 985 266 Luna
1010 232 1119 267 teste
1144 231 1384 275 mouentur,

276 299 377 340 inde
403 299 546 340 domos
571 300 757 340 abeunt:
794 306 842 341 tu
866 301 1002 342 calcas
1027 302 1120 342 luce
1144 315 1313 342 reuersa

276 374 469 428 coniugis
494 375 661 415 urinam
686 389 864 430 magnos
888 377 1060 418 uisurus
1083 377 1250 418 amicos.

276 454 380 490 nota
404 450 537 490 bonae
563 456 723 491 secreta
748 451 859 500 deae,
884 465 981 492 cum
1008 452 1116 493 tibia
1140 453 1307 493 lumbos

144 534 205 565 315
275 524 428 566 incitat
451 530 494 566 et
519 539 652 566 cornu
676 527 840 579 pariter
864 527 1053 581 uinoque
1079 528 1276 568 feruntur

276 601 487 641 attonitae
511 601 755 654 crinemque
780 606 925 642 rotant
949 603 1205 657 ululantque
1231 604 1378 657 Priapi

276 676 510 717 maenades.
581 690 604 716 o
629 682 815 730 quantus
840 683 944 718 tunc
968 678 1057 719 illis
1081 679 1300 720 mentibus
1324 679 1450 720 ardor

277 752 539 801 concubitus,
564 766 671 806 quae
697 766 780 793 uox
806 753 991 794 saltante
1017 754 1208 803 libidine,
1233 760 1424 809 quantus

276 826 351 867 ille
375 827 482 867 meri
507 827 665 867 ueteris
689 841 764 880 per
789 841 913 868 crura
936 828 1157 869 madentia
1182 832 1368 870 torrens!

140 912 204 943 320
275 902 476 943 lenonum
501 902 679 943 ancillas
703 902 843 956 posita
868 903 1057 944 Saufeiia
1082 917 1235 945 corona

277 982 480 1031 prouocat
504 982 547 1018 et
573 977 689 1018 tollit
713 977 940 1031 pendentis
964 979 1155 1032 praemia
1178 993 1319 1028 coxae,

275 1052 367 1106 ipsa
391 1052 657 1093 Medullinae
682 1052 861 1094 fluctum
886 1054 1084 1094 crisantis
1107 1054 1270 1095 adorat.

277 1128 420 1181 palma
444 1129 559 1168 inter
583 1127 803 1169 dominas:
841 1128 985 1169 uirtus
1009 1129 1228 1170 natalibus
1252 1143 1397 1184 aequa.

276 1205 340 1246 nil
364 1206 425 1246 ibi
449 1219 523 1259 per
548 1205 697 1245 ludum
723 1205 1010 1255 simulabitur,
1034 1207 1178 1246 omnia
1203 1207 1309 1248 fient

142 1291 204 1322 325
273 1280 326 1321 ad
350 1294 513 1329 uerum,
538 1280 694 1334 quibus
718 1280 887 1321 incendi
911 1280 998 1321 iam
1023 1281 1202 1336 frigidus
1226 1295 1329 1323 aeuo

276 1354 658 1396 Laomedontiades
682 1360 725 1395 et
751 1355 948 1396 Nestoris
973 1356 1122 1396 hirnea
1147 1357 1293 1410 possit.

276 1436 380 1472 tunc
404 1431 578 1485 prurigo
602 1443 744 1470 morae
770 1430 996 1484 inpatiens,
1021 1436 1116 1472 tum
1140 1431 1302 1472 femina
1327 1432 1522 1487 simplex,

275 1519 323 1546 ac
346 1506 507 1560 pariter
531 1510 623 1546 toto
648 1506 859 1560 repetitus
882 1506 1042 1547 clamor
1066 1507 1119 1547 ab
1144 1511 1270 1548 antro

273 1581 383 1622 ‘iam
408 1583 472 1622 fas
496 1586 571 1630 est,
596 1581 780 1622 admitte
803 1581 942 1622 niros.’
1011 1582 1098 1622 iam
1123 1582 1284 1624 dormit
1307 1583 1488 1632 adulter,

140 1666 202 1697 330
272 1656 348 1697 illa
371 1657 492 1697 iubet
517 1661 688 1710 sumpto
714 1656 913 1697 iuuenem
938 1671 1163 1711 properare
1187 1658 1379 1709 cucullo;

275 1732 311 1772 si
335 1732 448 1772 nihil
473 1737 550 1781 est,
574 1731 708 1772 seruis
732 1731 995 1782 incurritur,
1031 1733 1259 1774 abstuleris
1285 1747 1402 1787 spem

275 1821 507 1856 seruorum,
532 1807 656 1847 uenit
682 1811 724 1847 et
749 1807 986 1848 conductus
1010 1809 1237 1861 aquarius3
1273 1809 1344 1850 hic
1369 1809 1405 1850 si

275 1882 496 1936 quaeritur
520 1888 564 1923 et
587 1882 743 1923 desunt
768 1882 973 1931 homines,
997 1896 1114 1923 mora
1138 1883 1257 1923 nulla
1283 1897 1357 1937 per
1381 1884 1519 1938 ipsam

276 1971 359 2011 quo
382 1958 525 1998 minus
550 1957 750 2011 imposito
775 1957 946 1997 clunem
971 1958 1218 1999 summittat
1242 1959 1383 2000 asello.

142 2042 206 2074 335
275 2037 404 2087 atque
428 2033 596 2073 utinam
622 2032 734 2072 ritus
757 2038 921 2073 ueteres
946 2037 988 2073 et
1012 2033 1184 2086 publica
1209 2034 1361 2075 saltem

277 2108 345 2149 his
369 2108 534 2148 intacta
559 2108 684 2148 malis
709 2112 936 2162 agerentur
960 2122 1102 2159 sacra3
1138 2108 1209 2149 sed
1233 2123 1378 2152 omnes

275 2188 494 2224 nouerunt
518 2183 664 2223 Mauri
688 2187 816 2236 atque
842 2183 944 2223 Indi
969 2197 1076 2237 quae
1099 2184 1278 2238 psaltria
1301 2199 1454 2239 penem

207 2267 268 2295 316
291 2263 502 2302 ululantque
524 2263 644 2302 priapi
666 2263 727 2301 Ps,
748 2263 910 2294 ululante
933 2264 1057 2302 priapo
1080 2261 1117 2294 Ψ
1206 2268 1268 2296 320
1291 2266 1430 2298 saufeia
1445 2264 1484 2306 Σ,
1506 2266 1644 2308 (posita)
1661 2276 1679 2299 s

140 2316 206 2346 aut
232 2316 308 2346 feta
335 2315 372 2352 P,
402 2316 468 2346 aut
494 2315 569 2346 feta
597 2315 630 2352 S,
661 2315 791 2353 aufega
818 2315 851 2352 F,
879 2315 1014 2347 lauseia
1038 2315 1074 2353 O,
1103 2315 1236 2347 laufela
1262 2317 1355 2349 AGU
1382 2319 1416 2350 et
1443 2328 1483 2349 ex
1508 2328 1589 2350 corr.
1635 2320 1673 2358 Τ,

140 2367 289 2399 laufella.
311 2367 346 2404 L,
372 2367 519 2398 lanfella
546 2365 648 2397 Bum.
680 2367 751 2404 192,
782 2365 859 2396 uide
891 2375 931 2397 1x
963 2366 1023 2398 117
1113 2371 1174 2398 321
1206 2369 1243 2399 et
1272 2369 1371 2400 tollit
1399 2368 1446 2408 Ψ,
1476 2371 1615 2403 attollit
1637 2371 1674 2410 P,

140 2429 178 2450 ac
198 2419 285 2450 tollit
307 2416 412 2449 Hadr.
434 2416 588 2448 Valesius
676 2421 739 2448 322
760 2417 906 2449 fluctum
930 2418 1049 2456 PSAF,
1069 2419 1226 2450 fructum
1248 2420 1347 2459 G'I'U,
1368 2421 1513 2453 frictum
1536 2423 1591 2454 Lo

185 2475 247 2502 323
263 2471 383 2511 palma
398 2471 459 2509 PS,
479 2470 635 2509 palmam
650 2467 688 2500 Ψ
775 2478 890 2509 aequa
905 2470 941 2508 P,
962 2471 1095 2510 aequat
1111 2468 1157 2502 Ψ.
1208 2469 1372 2511 dominae,
1393 2473 1518 2515 quippe
1534 2484 1678 2515 quarum

141 2522 252 2554 uirtus
267 2521 438 2553 natalibus
454 2531 523 2552 non
542 2520 679 2551 inferior
697 2520 751 2558 sit,
772 2520 869 2551 facile
889 2520 1034 2552 uincunt
1053 2521 1191 2553 ancillas
1279 2527 1341 2555 326
1361 2524 1481 2555 hirnea
1496 2532 1562 2567 quo
1579 2535 1679 2557 sensu

141 2572 275 2605 dicatur
290 2576 325 2605 et
340 2583 398 2615 per
413 2583 447 2604 se
464 2574 557 2614 patet
573 2575 607 2603 et
623 2582 663 2603 ex
680 2571 778 2603 Mart.
802 2580 846 2603 111
865 2574 903 2602 24
927 2573 957 2609 9,
976 2571 1034 2603 ubi
1054 2573 1174 2604 hirnea
1193 2572 1281 2604 idem
1304 2574 1472 2616 significat
1493 2575 1583 2618 quod
1605 2587 1638 2608 u.
1659 2577 1679 2609 5

141 2625 310 2657 testiculos.
358 2624 485 2656 scilicet
511 2623 653 2654 mutatis
677 2623 871 2654 nominibus
896 2623 1032 2654 Nestori
1056 2623 1122 2655 dici
1149 2627 1259 2666 potest
1283 2626 1373 2668 quod
1401 2627 1520 2669 Ligeae
1543 2628 1678 2660 uetulae

141 2678 231 2711 dixit
245 2679 334 2711 idem
352 2678 519 2710 Martialis
536 2686 561 2709 x
577 2679 618 2708 90
635 2676 653 2709 ’ἲ
670 2687 718 2718 sq.
738 2689 746 2715 ;
769 2676 847 2708 uide
869 2677 970 2708 etiam
987 2686 1000 2709 1
1019 2679 1059 2708 92
1077 2680 1126 2709 11.
1176 2678 1273 2720 plura
1289 2679 1398 2712 dicam
1412 2680 1454 2712 ad
1470 2691 1510 2713 XI
1529 2683 1590 2714 168

185 2735 248 2763 327
263 2733 341 2763 tum
357 2732 391 2768 P,
404 2733 490 2763 tunc
506 2728 543 2760 Ψ
625 2733 686 2760 328
701 2738 741 2760 30
754 2730 780 2760 P
793 2730 904 2767 Aron„
920 2731 956 2761 et
972 2727 1019 2767 Ψ,
1032 2730 1062 2761 it
1074 2731 1105 2762 U
1185 2733 1323 2771 pariter
1337 2734 1415 2765 toto
1431 2735 1588 2771 PAGLU,
1599 2735 1678 2766 toto

142 2785 278 2823 pas-iter
294 2784 378 2815 FO'I'
467 2786 528 2814 329
545 2782 617 2812 iam
636 2782 766 2812 dormit
783 2780 953 2820 Pithoeus,
974 2782 1005 2812 si
1021 2782 1093 2813 iam
1108 2783 1239 2815 dormit
1255 2785 1314 2822 PS,
1333 2786 1505 2818 dormitat
1521 2784 1559 2816 Ψ
1575 2785 1678 2817 Prisc.

143 2834 271 2866 G.L.K.
290 2843 319 2866 11
335 2845 366 2876 p.
385 2835 458 2872 404,
478 2834 508 2864 si
532 2833 666 2864 adulter
683 2833 842 2864 dormitat
861 2831 899 2872 Σ,
920 2833 1059 2864 fortasse
1083 2833 1197 2866 subest
1217 2834 1338 2867 lacuna
1359 2835 1563 2875 huiusmodi,
1583 2838 1678 2869 uiros

142 2902 382 2917 υυυυυυυ
402 2885 406 2926 1
425 2901 667 2916 -υυ-υυ-
678 2886 708 2916 εἰ
724 2885 795 2916 iam
811 2885 969 2916 dormitat
985 2886 1118 2916 adulter
1206 2891 1268 2919 332
1284 2889 1384 2920 uenit
1401 2891 1437 2921 et
1453 2890 1489 2928 P,
1505 2890 1626 2922 ueniet
1641 2887 1680 2920 Ψ
