1947 3145
223 122 280 162 66

240 547 280 579 75

237 923 277 953 80

236 1297 275 1328 85

234 1672 275 1703 90

236 2049 277 2080 95

215 2424 279 2455 100

282 2530 323 2558 80
344 2528 384 2558 at
402 2534 547 2557 serrano
566 2527 627 2564 Ps,
647 2528 686 2557 at
708 2535 851 2559 sarreno
868 2528 906 2565 G,
927 2529 963 2559 et
979 2536 1126 2559 sarrano
1142 2525 1190 2566 Ψ,
1210 2529 1247 2559 et
1263 2535 1389 2558 serane
1405 2527 1432 2558 Ο

819 120 1146 162 IVVENALIS

352 239 479 280 surda
503 239 616 280 nihil
641 242 826 293 gemeret
850 251 976 292 graue
999 237 1164 278 bucina.
1234 237 1447 290 poscimus
1472 240 1520 277 ut
1545 236 1602 277 sit

352 328 438 355 non
462 315 602 355 minor
626 314 804 367 antiquo
830 314 1056 353 Rubrenus
1081 313 1228 366 Lappa
1252 317 1442 360 coturno,

351 389 473 430 cuius
497 393 540 430 et
563 388 747 429 alueolos
771 392 813 428 et
838 387 1005 427 laenam
1028 387 1225 441 pignerat
1249 387 1440 428 Atreus?

352 477 439 504 non
463 464 592 503 habet
617 462 769 502 infelix
795 462 998 502 Numitor
1022 462 1134 515 quod
1158 463 1307 502 mittat
1331 461 1491 501 amico:

351 538 590 588 Quintillae
614 537 727 591 quod
752 537 880 577 donet
906 537 1046 585 habet,
1070 550 1147 578 nec
1171 537 1307 577 defuit
1332 536 1398 576 illi

351 613 465 654 unde
488 617 644 653 emeret
669 611 810 652 multa
833 612 1091 665 pascendum
1116 625 1242 652 carne
1267 611 1433 651 leonem

349 689 436 728 iam
461 687 695 736 domitum3
731 690 900 727 constat
923 686 1075 726 leuiori
1099 686 1225 726 belua
1250 691 1426 739 sumptu

350 763 554 802 nimirum
578 766 622 802 et
645 761 821 815 capiunt
846 761 943 815 plus
966 761 1174 802 intestina
1198 766 1357 815 poetae.

348 841 572 879 contentus
597 836 710 877 fama
735 837 870 877 iaceat
895 837 1091 877 Lucanus
1116 836 1162 876 in
1187 836 1324 877 hortis

346 912 606 961 marmoreis,
630 916 676 952 at
702 912 884 952 Serrano
909 912 1114 964 tenuique
1140 911 1294 951 Saleiio

348 987 480 1042 gloria
504 986 777 1040 quantalibet
802 985 905 1040 quid
929 986 1023 1034 erit,
1047 986 1082 1026 si
1108 985 1243 1040 gloria
1267 989 1440 1026 tantum
1465 987 1558 1026 est?

348 1062 537 1102 curritur
560 1061 613 1101 ad
638 1075 785 1102 uocem
810 1060 1042 1101 iucundam
1067 1066 1110 1101 et
1135 1073 1304 1101 carmen
1329 1060 1488 1101 amicae

347 1137 595 1185 Thebaidos,
618 1136 776 1178 laetam
800 1150 898 1177 cum
922 1136 1024 1176 fecit
1050 1136 1216 1176 Statius
1240 1136 1391 1176 urbem

346 1211 626 1265 promisitque
652 1211 789 1252 diem:
825 1215 948 1252 tanta
972 1211 1199 1252 dulcedine
1222 1218 1366 1264 captos

347 1286 493 1327 adficit
518 1286 590 1327 ille
614 1287 780 1327 animos
805 1290 1010 1340 tantaque
1035 1286 1217 1326 libidine
1242 1286 1361 1340 uolgi

349 1361 534 1402 auditur.
606 1361 678 1402 sed
701 1375 796 1402 cum
821 1361 950 1416 fregit
975 1361 1175 1402 subsellia
1200 1374 1328 1401 uersu

347 1437 491 1485 esurit,
514 1437 723 1477 intactam
749 1437 897 1477 Paridi
922 1437 1007 1477 nisi
1033 1436 1182 1477 uendit
1205 1436 1397 1490 Agauen.

346 1512 420 1553 ille
445 1516 488 1553 et
513 1511 696 1552 militiae
721 1511 872 1552 multis
896 1511 1078 1566 largitus
1103 1512 1304 1552 honorem

345 1587 571 1628 semenstri
594 1591 745 1627 uatum
770 1586 930 1641 digitos
954 1586 1225 1641 circumligat
1250 1600 1364 1626 auro.

345 1662 458 1717 quod
482 1675 567 1702 non
592 1661 698 1702 dant
721 1675 922 1716 proceres,
947 1661 1067 1702 dabit
1091 1661 1257 1702 histrio,
1328 1666 1376 1702 tu
1402 1660 1649 1703 Camerinos

347 1742 390 1778 et
414 1738 604 1785 Baream,
629 1741 679 1777 tu
703 1736 915 1777 nobilium
940 1750 1096 1791 inagna
1120 1736 1231 1777 atria
1256 1738 1411 1776 curas?

346 1812 578 1867 praefectos
603 1812 783 1866 Pelopea
809 1812 925 1861 facit,
950 1811 1189 1852 Philomela
1214 1811 1421 1852 tribunos.

347 1890 454 1929 haut
479 1892 623 1928 tamen
648 1887 843 1928 inuideas
868 1887 960 1928 uati
986 1901 1112 1941 quem
1137 1887 1305 1941 pulpita
1329 1891 1521 1941 pascunt.

347 1963 445 2018 quis
470 1963 552 2004 tibi
576 1962 813 2012 Maecenas,
838 1962 933 2017 quis
957 1977 1072 2003 nunc
1097 1963 1180 2003 erit
1204 1968 1280 2004 aut
1305 1963 1548 2003 Proculeius

347 2042 423 2079 aut
448 2038 617 2087 Fabius,
641 2038 737 2092 quis
763 2038 891 2079 Cotta
916 2038 1085 2086 iterum,
1110 2038 1207 2092 quis
1231 2037 1439 2079 Lentulus
1463 2038 1603 2079 alter?

349 2118 444 2154 tum
467 2127 543 2167 par
566 2113 739 2167 ingenio
763 2113 964 2167 pretium,
989 2117 1095 2154 tunc
1118 2113 1226 2154 utile
1250 2113 1401 2153 multis

349 2188 507 2242 pallere
531 2193 574 2230 et
600 2189 752 2229 uinum
778 2192 868 2229 toto
893 2188 1051 2229 nescire
1075 2181 1314 2230 Decembri.

415 2268 555 2304 uester
577 2277 703 2318 porro
727 2263 846 2304 labor
870 2263 1102 2313 fecundior,
1127 2264 1407 2304 historiarum

350 2338 604 2392 scriptores?
673 2339 785 2392 perit
808 2339 877 2380 hic
900 2339 997 2393 plus
1021 2339 1229 2393 temporis
1252 2343 1379 2393 atque
1404 2339 1486 2380 olei
1510 2339 1616 2394 plus.

348 2413 469 2453 nullo
494 2413 653 2467 quippe
676 2413 800 2454 modo
825 2414 1084 2454 millensima
1109 2414 1266 2469 pagina
1291 2415 1429 2469 surgit

216 2578 337 2611 salano
354 2579 389 2615 P,
411 2578 523 2609 salino
546 2578 641 2616 AL'I',
662 2579 769 2610 san-,io
785 2580 820 2617 Γ,
839 2577 880 2609 de
895 2580 926 2610 U
945 2578 1033 2609 nihil
1050 2581 1225 2610 enotatum
1240 2578 1355 2609 habeo.
1404 2576 1482 2609 uide
1498 2576 1540 2608 ad
1558 2585 1570 2607 1
1588 2577 1648 2607 131

260 2634 301 2662 88
311 2630 463 2668 largitus
474 2629 503 2660 G
515 2627 649 2669 aliique,
664 2630 819 2668 largitur
834 2628 899 2661 ΡΨ
987 2634 1027 2662 89
1037 2631 1199 2661 semestris
1210 2629 1391 2661 Salmasius
1477 2630 1602 2660 uatum
1614 2628 1746 2668 digitos

217 2680 255 2712 Ψ
288 2679 391 2721 (idem
429 2679 620 2721 significant
654 2681 686 2718 S,
722 2691 806 2721 quae
843 2691 974 2713 semens.
1006 2692 1038 2713 u.
1072 2681 1223 2720 habent),
1257 2682 1358 2721 gidos
1394 2682 1539 2712 uastum
1576 2680 1602 2711 P
1639 2679 1742 2711 Aron.

878 2737 918 2764 96
931 2735 1008 2764 tum
1019 2734 1056 2770 P,
1069 2735 1154 2764 tunc
1167 2731 1214 2772 Ψ,
1228 2732 1306 2764 uide
1320 2740 1365 2763 111
1380 2732 1441 2763 214
1454 2734 1526 2762 tum
1537 2754 1544 2762 .
1560 2755 1567 2762 .
1584 2755 1590 2762 .
1605 2733 1692 2770 tunc,
1706 2739 1747 2762 Ἦ

218 2783 279 2816 327
301 2787 378 2815 tum:
395 2807 402 2815 .
423 2808 430 2815 .
452 2807 459 2814 .
480 2786 553 2814 tum
639 2787 679 2814 99
704 2785 798 2822 perit
820 2785 911 2821 PFG,
928 2786 1021 2824 petit
1038 2783 1075 2815 Ψ
1163 2789 1224 2816 100
1245 2785 1342 2816 nullo
1363 2784 1492 2823 quippe
1512 2783 1614 2815 modo
1633 2783 1746 2815 PGLO

218 2835 309 2867 Seru.
330 2835 412 2866 Aen.
432 2843 471 2866 1v
487 2835 538 2872 98,
559 2833 660 2865 schol.
684 2834 760 2865 Luc.
776 2843 788 2866 1
807 2837 879 2874 334,
898 2837 994 2868 nullo
1011 2837 1152 2876 quidem
1167 2837 1268 2868 modo
1285 2837 1324 2875 U,
1345 2844 1495 2876 namque
1512 2836 1624 2867 oblita
1643 2835 1746 2867 modo

305 2736 345 2764 91
357 2733 501 2763 baream
513 2732 601 2770 PSF,
615 2732 742 2763 bareas
753 2730 791 2762 Ψ

216 2888 256 2926 Α,
276 2895 427 2928 namque
443 2887 554 2918 oblita
569 2887 664 2918 modi
679 2887 734 2919 FT

1519 2525 1628 2558 saleio
1647 2525 1741 2564 SGO,
