1947 3145
174 91 232 132 52

773 91 1100 132 IVVENALIS

171 217 258 250 373Α
300 222 562 264 mangonum
587 221 735 262 pueros
760 221 860 248 uera
884 221 932 248 ac
956 207 1213 247 miserabilis
1237 207 1325 247 urit

172 291 256 325 3733

173 442 234 475 375

175 818 236 848 380

173 1192 235 1223 385

172 1567 235 1597 390

174 1943 237 1973 395

179 2320 242 2351 400

303 283 514 333 debilitas,
538 283 737 336 follisque
760 282 893 336 pudet
917 282 1145 335 cicerisque
1168 282 1316 322 relicti.

307 359 561 412 conspicuus
586 358 708 411 longe
732 357 981 410 cunctisque
1006 356 1209 397 notabilis
1232 357 1369 397 intrat

305 433 455 473 balnea
479 446 555 473 1100
579 432 706 472 dubie
730 431 948 471 custodem
975 431 1081 472 uitis
1106 435 1149 472 et
1173 431 1289 472 horti

307 511 509 562 prouocat
533 521 557 546 a
582 506 756 546 domina
780 506 920 546 factus
944 506 1085 559 spado.
1155 506 1342 547 dormiat
1367 506 1439 546 ille

308 596 403 622 cum
429 581 626 630 domina,
664 580 735 620 sed
760 584 808 621 tu
832 580 919 620 iam
944 580 1111 629 durum,
1135 582 1350 629 Postume,
1375 581 1545 634 iamque

310 656 574 698 tondendum
598 655 792 695 eunucho
818 656 1037 696 Bromium
1061 656 1329 696 committere
1354 656 1453 696 noli.

374 732 409 772 si
433 730 594 786 gaudet
619 734 760 778 cantu,
785 730 950 771 nullius
976 731 1106 771 fibula
1130 730 1256 772 durat

307 820 452 847 uocem
477 806 703 846 uendentis
728 806 1008 859 praetoribus.
1078 820 1237 860 organa
1262 819 1426 860 semper

307 882 352 922 in
377 882 586 930 manibus,
610 881 731 922 densi
755 881 927 922 radiant
952 881 1169 922 testudine
1194 885 1285 922 tota

307 956 604 1010 sardonyches,
628 957 765 1010 crispo
791 960 1073 996 numerantur
1097 956 1264 1009 pectine
1288 956 1470 996 chordae

308 1045 389 1085 quo
414 1036 535 1072 tener
559 1031 818 1085 Hedymeles
842 1045 990 1086 operas
1009 1031 1153 1072 dedit:
1189 1032 1304 1072 hunc
1323 1036 1454 1080 tenet,
1479 1031 1558 1072 hoc
1582 1044 1627 1073 se

309 1106 483 1155 solatur,
508 1110 712 1161 gratoque
736 1106 934 1161 indulget
958 1107 1077 1147 basia
1101 1106 1272 1160 plectro.

305 1181 512 1235 quaedam
537 1181 587 1222 de
612 1195 787 1222 numero
811 1181 1058 1222 Lamiarum
1081 1195 1130 1222 ac
1153 1182 1340 1222 nominis
1364 1182 1481 1235 Appi

306 1260 349 1297 et
374 1256 485 1297 farre
510 1260 554 1297 et
578 1257 680 1297 uino
706 1257 861 1297 Ianum
886 1256 1151 1310 Vestamque
1176 1257 1364 1311 rogabat,

307 1345 362 1371 an
388 1330 679 1385 Capitolinam
704 1331 874 1372 deberet
899 1331 1036 1372 Pollio
1061 1346 1263 1386 quercum

307 1419 474 1459 sperare
498 1410 541 1447 et
566 1406 722 1447 fidibus
745 1407 1006 1460 promittere.
1076 1407 1178 1460 quid
1203 1407 1359 1448 faceret
1385 1406 1482 1460 plus

306 1485 552 1536 aegrotante
576 1481 682 1530 uiro,
707 1481 882 1522 medicis
908 1481 1011 1535 quid
1036 1481 1236 1523 tristibus
1260 1495 1357 1536 erga

306 1555 521 1597 filiolum?
589 1556 715 1597 stetit
739 1561 840 1597 ante
864 1571 981 1597 aram
1006 1571 1082 1598 nec
1107 1562 1234 1611 turpe
1258 1557 1430 1611 putauit

307 1645 384 1685 pro
408 1631 572 1672 cithara
597 1631 738 1672 uelare
762 1636 890 1685 caput
915 1632 1159 1686 dictataque
1184 1633 1314 1673 uerba

308 1707 503 1760 pertulit,
527 1712 577 1748 ut
601 1720 692 1747 mos
716 1711 793 1755 est,
818 1711 860 1747 et
884 1712 1031 1760 aperta
1057 1707 1213 1760 palluit
1237 1721 1358 1762 agna.

309 1781 376 1822 dic
401 1782 510 1821 mihi
535 1795 660 1830 1111110,
685 1795 851 1835 quaeso,
877 1782 957 1830 dic,
981 1782 1283 1836 antiquissime
1309 1782 1470 1830 diuum,

309 1857 535 1911 respondes
560 1858 639 1905 his,
666 1857 770 1898 Iane
795 1860 947 1911 pater?
1017 1871 1171 1912 magna
1195 1859 1282 1899 otia
1306 1858 1437 1908 caeli3

307 1946 392 1972 non
417 1936 493 1980 est,
517 1932 629 1986 quod
654 1932 791 1981 uideo,
815 1947 901 1973 non
926 1937 989 1973 est
1014 1933 1126 1986 quod
1151 1937 1304 1987 agatur
1328 1938 1434 1987 aput
1459 1946 1544 1973 uos.

312 2008 415 2048 haec
440 2007 490 2047 de
514 2008 725 2048 comoedis
750 2012 793 2049 te
818 2008 1016 2057 consulit,
1042 2008 1118 2049 illa
1143 2009 1395 2064 tragoedum

311 2083 604 2124 commendare
630 2083 756 2131 uolet,
782 2084 995 2124 uaricosus
1021 2084 1095 2125 fiet
1121 2084 1344 2139 haruspex.

379 2159 450 2199 sed
473 2164 616 2199 cantet
640 2159 783 2212 potius
808 2173 936 2213 quam
961 2163 1098 2200 totam
1122 2161 1316 2214 peruolet
1340 2161 1489 2202 urbem

313 2234 452 2274 audax
477 2237 519 2274 et
544 2237 688 2274 coetus
713 2234 846 2288 possit
873 2248 979 2288 quae
1004 2234 1112 2275 ferre
1137 2235 1328 2276 uirorum

311 2321 491 2361 cumque
515 2308 730 2362 paludatis
755 2309 935 2349 ducibus
959 2315 1181 2362 praesente
1205 2311 1362 2353 marito

313 2384 405 2438 ipsa
428 2384 545 2437 loqui
570 2389 685 2425 recta
710 2384 817 2425 facie
841 2384 1046 2438 siccisque
1071 2386 1286 2427 mamillis.

312 2460 415 2500 haec
439 2459 585 2499 eadem
610 2460 736 2500 nouit
761 2460 864 2513 quid
889 2464 981 2501 toto
1006 2461 1082 2501 fiat
1107 2461 1152 2501 111
1178 2463 1288 2511 orbe,
1343 2492 1345 2494 -

313 2535 419 2588 quid
446 2534 576 2582 Seres,
601 2535 705 2588 quid
730 2536 910 2576 Thraces
932 2541 1076 2590 agant,
1102 2541 1261 2578 secreta
1286 2551 1487 2579 nouercae

312 2615 355 2651 et
379 2609 514 2663 pueri,
538 2609 633 2662 quis
657 2614 783 2659 amet,
807 2611 902 2664 quis
927 2611 1156 2664 diripiatur
1179 2612 1372 2664 adulter;

241 2739 331 2770 inter
348 2742 409 2771 373
427 2740 460 2769 et
477 2742 539 2770 374
558 2736 641 2769 duos
662 2748 776 2769 uersus
795 2739 885 2770 solus
901 2740 1050 2772 seruauit
1066 2742 1092 2773 Ο
1181 2746 1243 2774 385
1260 2743 1344 2782 appi
1360 2740 1424 2780 ΣΡ,
1444 2742 1504 2781 api
1521 2742 1555 2780 P,
1576 2742 1643 2774 alti
1660 2740 1708 2781 Ψ,

176 2789 259 2822 Aeli
276 2789 320 2822 N.
340 2789 502 2821 Heinsius
591 2793 653 2820 386
677 2792 713 2820 et
730 2791 752 2820 f.
774 2791 840 2827 PA,
862 2800 940 2822 cum
956 2793 979 2822 f.
1001 2790 1038 2822 Ψ
1127 2796 1188 2824 395
1212 2794 1305 2833 quod
1320 2802 1353 2824 u.
1379 2794 1442 2830 PT,
1459 2794 1502 2824 ut
1525 2802 1558 2825 u.
1587 2791 1624 2824 Ψ

220 2843 311 2881 aput
326 2851 366 2873 ex
383 2842 441 2873 PU
528 2845 592 2872 404
608 2842 800 2880 diripiatur
816 2843 877 2881 PS,
899 2843 1092 2883 dicipiatur
1107 2845 1146 2882 U,
1165 2845 1364 2884 decipiatur
1380 2843 1416 2875 Ψ
