1947 3145
226 109 247 148 1
258 109 281 149 Ο
823 105 1150 147 IVVENALIS

243 234 284 266 80
353 224 480 265 unius
505 225 642 266 scabie
667 224 782 265 cadit
806 228 848 263 et
874 222 1088 276 porrigine
1112 221 1227 275 porci

354 312 522 353 unaque
547 303 768 352 conspecta
793 297 970 337 liuorem
995 296 1111 336 ducit
1136 296 1188 336 ab
1214 309 1307 336 uua.

354 374 520 414 foedius
544 373 622 414 hoc
647 372 811 426 aliquid
836 371 1091 425 quandoque
1117 370 1291 412 audebis
1314 370 1502 419 amictug

355 462 480 489 nemo
504 453 678 502 repente
704 448 788 487 fuit
813 446 1098 500 turpissimus.
1170 445 1379 499 accipient
1405 451 1447 486 te

354 523 566 576 paulatim
592 523 666 576 qui
691 522 816 576 longa
842 521 958 561 domi
983 520 1232 562 redimicula
1256 525 1436 561 sumunt

244 608 283 638 85
354 597 567 638 frontibus
591 603 633 637 et
659 601 750 636 toto
773 609 946 649 posuere
971 596 1146 635 monilia
1171 595 1278 635 collo

354 676 484 725 atque
509 672 666 712 bonam
691 677 862 711 tenerae
886 670 1060 724 placant
1085 670 1308 710 abdomine
1332 683 1483 723 porcae

354 751 398 787 et
422 760 576 800 magno
602 750 764 786 cratere
790 745 922 786 deam.
994 744 1066 785 sed
1090 758 1202 785 more
1227 745 1401 785 sinistro

354 821 571 876 exagitata
595 821 741 875 procul
765 835 851 861 non
876 821 1013 861 intrat
1038 820 1197 860 femina
1224 820 1380 860 limen:

354 896 455 937 solis
478 910 552 937 ara
577 897 677 937 deae
703 896 890 936 maribus
914 900 1043 949 patet.
1116 900 1124 915 ‘
1141 896 1212 943 ite,
1236 895 1457 948 profanae}

244 981 284 1013 90
354 971 577 1019 clamatur,
601 977 609 991 ‘
627 971 748 1012 nullo
773 971 908 1026 gemit
934 971 1003 1011 hic
1030 970 1209 1010 tibicina
1234 970 1386 1011 cornu.'

355 1045 461 1086 talia
485 1051 645 1087 secreta
668 1046 892 1087 coluerunt
918 1045 1037 1099 orgia
1062 1044 1186 1085 taeda

357 1121 603 1175 Cecropiam
628 1121 745 1162 soliti
771 1121 935 1174 Baptae
961 1120 1116 1161 lassare
1143 1119 1340 1175 Cotyton.

355 1196 429 1237 ille
454 1197 733 1250 supercilium
758 1196 927 1236 madida
955 1195 1138 1250 fuligine
1163 1196 1352 1236 tinctum

356 1271 532 1325 obliqua
556 1271 752 1325 producit
777 1285 855 1311 acu
881 1270 1109 1325 pingitque
1136 1271 1359 1312 trementis

244 1357 284 1387 95
354 1346 558 1387 attollens
583 1346 749 1396 oculos3
786 1346 924 1386 uitreo
948 1346 1062 1386 bibit
1086 1345 1160 1386 ille
1184 1346 1333 1400 priapo

356 1422 669 1475 reticulumque
694 1422 825 1462 comis
850 1426 1052 1461 auratum
1077 1421 1328 1476 ingentibus
1352 1420 1505 1475 implet

357 1497 551 1538 caerulea
576 1497 754 1537 indutus
780 1496 995 1537 scutulata
1019 1501 1094 1537 aut
1118 1496 1293 1551 galbina
1317 1510 1411 1537 rasa

356 1578 399 1614 et
422 1586 497 1627 per
524 1573 736 1613 Iunonem
762 1572 926 1613 domini
951 1573 1121 1613 iurante
1146 1572 1370 1622 ministr03

357 1648 429 1690 1110
455 1654 573 1689 tenet
598 1648 830 1701 speculum,
856 1648 1019 1701 pathici
1044 1653 1264 1702 gestamen
1290 1648 1488 1696 Othonis,

225 1735 286 1766 100
357 1725 528 1765 Actoris
554 1724 753 1764 Aurunci
777 1724 975 1777 spolium,
1000 1737 1084 1777 quo
1109 1737 1152 1764 se
1177 1724 1250 1764 1110
1275 1723 1449 1765 uidebat

357 1804 586 1848 armatum,
610 1813 706 1840 cum
732 1800 818 1839 iani
843 1799 939 1839 tolli
964 1799 1123 1840 uexilla
1150 1799 1326 1840 iuberet.

358 1889 423 1916 res
447 1875 718 1915 memoranda
744 1875 868 1915 nouis
892 1875 1120 1915 annalibus
1144 1879 1273 1928 atque
1298 1875 1459 1916 recenti

359 1951 540 1992 historia
565 1950 787 2005 speculum
811 1951 952 1991 ciuilis
977 1951 1141 1992 sarcina
1166 1950 1278 1992 belli.

359 2027 565 2067 nimirum
591 2026 747 2065 summi
771 2025 890 2066 ducis
915 2029 980 2066 est
1004 2025 1192 2066 occidere
1219 2025 1400 2066 Galbam

225 2112 286 2144 105
356 2106 400 2143 et
423 2115 568 2142 curare
593 2106 762 2151 cutem3
799 2101 957 2141 summi
982 2101 1225 2142 constantia
1249 2101 1359 2142 ciuis

358 2176 554 2217 Bebriaci
579 2176 743 2229 campis
767 2175 921 2216 solium
946 2175 1158 2216 adfectare
1186 2175 1327 2217 Palati

358 2256 400 2293 et
424 2265 616 2305 pressum
640 2252 687 2291 111
712 2251 818 2291 facie
843 2251 989 2305 digitis
1015 2250 1242 2291 extendere
1267 2264 1434 2304 panem,

289 2352 330 2380 80
363 2348 540 2387 porrigine
579 2348 708 2385 GOTU,
747 2347 930 2387 prurigine
965 2347 992 2378 P
1027 2346 1113 2377 Dan.
1150 2347 1208 2378 AL
1307 2351 1348 2379 83
1380 2349 1526 2387 repente
1556 2348 1657 2379 uenit
1687 2346 1758 2378 cod.

225 2400 369 2432 Pontani
474 2403 515 2431 92
546 2401 690 2439 cotyton
720 2400 771 2431 PS
803 2399 902 2436 Dan„
936 2399 1071 2431 cotiton
1100 2399 1143 2435 U,
1170 2399 1316 2431 cotillon
1341 2399 1378 2437 Ο,
1407 2401 1554 2439 cocyton
1583 2397 1620 2429 Ψ
1723 2403 1763 2431 93

223 2453 379 2484 tinctum
408 2452 434 2484 L
465 2451 598 2492 aliique,
635 2450 735 2482 Prisc.
771 2450 901 2482 G.L.K.
938 2459 966 2481 11
1002 2461 1034 2492 p.
1071 2452 1132 2482 162
1164 2454 1198 2482 et
1229 2450 1264 2481 in
1299 2460 1414 2482 rasura
1444 2449 1584 2482 dimidio
1616 2450 1763 2492 longiore

223 2505 258 2543 P,
282 2506 423 2536 tactum
445 2503 568 2535 AGTU
592 2502 692 2533 Prisc.
720 2502 765 2534 ib.
793 2513 824 2544 p.
853 2504 925 2540 259,
953 2504 1090 2534 tectum
1112 2503 1139 2534 Ο
1228 2506 1270 2534 07
1292 2503 1438 2542 galbina.
1460 2503 1521 2540 PS,
1549 2503 1703 2542 galbana.
1726 2501 1764 2532 Ψ

311 2559 375 2587 104
399 2559 461 2587 105
484 2555 610 2586 summi
632 2553 837 2585 adiectiuum
862 2564 937 2585 cum
961 2553 1169 2585 substantiui
1196 2554 1382 2586 uariatione
1405 2564 1472 2585 non
1497 2554 1608 2585 minus
1631 2552 1764 2585 inficete

224 2608 366 2640 iteratur
396 2616 498 2648 quam
528 2607 707 2645 deforme-m
729 2614 754 2637 x
786 2608 845 2636 191
879 2609 911 2637 et
945 2607 1016 2644 192,
1048 2616 1108 2637 1100
1139 2606 1222 2637 bene
1253 2606 1355 2648 priori
1378 2606 1527 2637 membro
1555 2605 1647 2637 deest
1674 2605 1764 2647 quod

224 2660 424 2691 constanciae
448 2656 669 2699 respondeat3
692 2657 762 2688 siue
786 2657 897 2699 ipsum
925 2657 1012 2689 illud
1036 2659 1221 2689 constantia
1244 2659 1308 2689 ἀπὸ
1333 2659 1437 2689 κοινοῦ
1460 2657 1606 2699 positum
1634 2659 1694 2695 est,
1723 2667 1763 2688 ne

224 2712 287 2743 hoc
318 2710 452 2753 quidem
486 2710 611 2741 bonum
714 2714 776 2741 106
808 2711 969 2742 Bebriaci
1000 2708 1047 2747 Ψ,
1083 2711 1261 2741 Bebriacis
1291 2711 1385 2747 PSU,
1417 2710 1518 2740 Bedr-
1546 2708 1621 2740 Tac.
1658 2709 1760 2747 Pliu.,

223 2764 316 2796 Betr—
342 2763 433 2795 Suet.
462 2761 551 2793 Plut.
645 2763 779 2801 campis
803 2763 864 2799 PS,
885 2763 1002 2802 campi
1024 2763 1062 2795 Τ,
1083 2771 1206 2801 campo
1230 2760 1268 2792 Ψ
1357 2762 1483 2794 solium
1507 2760 1759 2799 Herwerdenus,

225 2817 378 2857 spolium
407 2813 445 2846 Ψ
476 2816 510 2845 et
540 2814 576 2844 in
607 2824 668 2844 ms
699 2814 737 2849 P,
763 2823 780 2845 s
811 2814 928 2845 ceteris
960 2814 1060 2845 erasis
1091 2815 1128 2851 Ο,
1157 2815 1272 2855 spolia
1303 2813 1527 2855 Gaybaoensis
1560 2814 1574 2844 1
1610 2812 1765 2854 Rupertii

313 2872 374 2900 107
391 2868 481 2899 facie
498 2866 598 2903 GTU,
619 2866 731 2897 facie*
749 2866 784 2902 P,
806 2866 933 2897 faciem
949 2866 1044 2903 ALO,
1066 2867 1174 2898 faciet
1192 2865 1293 2896 Vind.
