1947 3145
760 101 995 144 SATVRA
1031 101 1117 142 XV
1608 97 1631 137 1
1640 96 1668 136 4
1677 96 1699 135 1

175 232 236 261 145
306 224 435 275 atque
460 219 703 261 exercendis
726 218 1025 273 pariendisque
1049 217 1214 258 artibus
1237 215 1330 270 apti

311 309 482 337 sensum
507 309 532 336 a
554 294 727 336 caelesti
751 294 981 335 demissum
1006 292 1219 334 traximus
1242 304 1348 339 arce,

309 371 432 412 cuius
456 374 584 425 egent
609 383 742 423 prona
766 373 810 410 et
834 373 990 410 terram
1015 367 1263 422 spectantia.
1333 364 1482 406 mundi

310 445 524 500 principio
548 444 731 485 indulsit
755 444 994 485 communis
1016 442 1211 484 conditor
1235 441 1323 482 illis

310 524 485 562 tantum
509 519 684 568 animas,
708 518 830 559 nobis
854 518 1049 559 animum
1073 529 1252 571 quoque,
1276 519 1454 556 mutuus
1478 517 1528 554 ut
1552 525 1629 553 nos

178 605 240 636 150
310 595 503 636 adfectus
526 598 669 648 petere
693 593 909 634 auxilium
934 597 977 633 et
1001 596 1215 646 praestare
1239 591 1418 638 iuberet,

310 670 519 725 dispersos
544 669 709 711 trahere
733 668 779 709 in
803 668 1025 722 populum,
1048 667 1234 721 migrare
1258 669 1430 706 uetusto

312 745 363 786 de
389 758 559 786 nemore
583 749 627 786 et
650 744 819 799 proauis
843 743 1061 784 habitatas
1084 742 1278 796 linquere
1302 740 1446 789 siluas,

311 820 534 861 aedificare
560 820 716 868 domos,
741 819 902 860 laribus
926 818 1184 872 coniungere
1208 815 1367 856 nostris

314 900 476 937 tectum
505 894 635 944 aliud,
659 898 778 935 tutos
801 893 943 935 uicino
969 893 1116 933 limine
1141 905 1309 933 somnos

180 982 242 1012 155
310 974 361 1012 ut
385 971 555 1012 conlata
580 970 701 1011 daret
726 969 894 1017 fiducia,
917 972 1133 1022 protegere
1157 967 1286 1007 armis

312 1045 482 1100 lapsum
506 1050 582 1086 aut
606 1044 773 1099 ingenti
797 1048 1026 1084 nutantem
1050 1043 1225 1083 uulnere
1250 1042 1399 1090 ciuem,

313 1121 532 1162 communi
556 1120 654 1161 dare
679 1121 800 1175 signa
826 1119 943 1168 tuba,
967 1118 1182 1159 defendier
1208 1117 1342 1158 isdem

314 1197 506 1238 turribus
530 1200 659 1250 atque
683 1210 768 1236 una
793 1199 1016 1249 portarum
1041 1193 1160 1234 claue
1185 1193 1332 1234 teneri.

314 1272 386 1313 sed
410 1272 496 1312 iam
521 1276 764 1325 serpentum
789 1270 924 1311 maior
949 1269 1180 1311 concordia.
1251 1268 1389 1322 parcit

183 1358 244 1388 160
312 1347 505 1402 cognatis
529 1346 708 1387 maculis
733 1345 888 1387 similis
913 1345 1025 1396 sera3
1060 1344 1231 1399 quando
1256 1343 1370 1384 leoni

314 1422 467 1463 fortior
490 1421 650 1475 eripuit
675 1421 814 1462 uitam
839 1420 934 1462 leo?
1003 1433 1086 1474 quo
1111 1433 1281 1460 nemore
1306 1431 1512 1472 umquam

314 1497 530 1552 expirauit
555 1510 654 1551 aper
679 1496 852 1537 maioris
877 1495 1080 1536 dentibus
1105 1495 1233 1549 apri?

315 1573 466 1614 Indica
490 1572 614 1627 tigris
639 1573 728 1627 agit
753 1572 901 1612 rabida
925 1585 1025 1612 cum
1050 1570 1205 1625 tigride
1230 1582 1375 1624 pacem

313 1653 575 1703 perpetuam,
600 1648 738 1689 saeuis
762 1648 875 1688 inter
899 1660 940 1687 se
965 1646 1168 1688 conuenit
1192 1645 1312 1686 ursis.

182 1735 243 1766 165
313 1728 380 1766 ast
403 1723 570 1764 homini
595 1723 758 1764 ferrum
783 1722 911 1763 letale
935 1722 1091 1763 incude
1116 1720 1302 1762 nefanda

315 1799 566 1853 produxisse
589 1812 743 1852 parum
768 1802 844 1846 est,
868 1812 965 1839 cum
991 1801 1125 1838 rastra
1150 1801 1194 1837 et
1219 1795 1379 1837 sarcula
1406 1797 1578 1835 tantum

314 1873 481 1914 adsueti
506 1886 681 1927 coquere
705 1877 748 1913 et
772 1872 922 1913 marris
946 1885 993 1912 ac
1018 1884 1186 1912 uomere
1211 1870 1312 1911 lassi

315 1948 545 1989 nescierint
570 1948 701 2002 primi
726 1947 888 2002 gladios
912 1946 1139 1988 extendere
1162 1945 1282 1987 fabri.

316 2023 546 2078 aspicimus
569 2022 749 2077 populos
774 2036 953 2077 quorum
978 2036 1064 2062 non
1090 2021 1250 2062 sufficit
1274 2021 1361 2061 irae

183 2108 245 2140 170
313 2099 514 2140 occidisse
538 2098 741 2152 aliquem,
765 2097 838 2138 sed
863 2102 1044 2152 pectora,
1069 2097 1275 2145 bracchia,
1300 2095 1469 2136 uoltum

315 2173 570 2215 crediderint
593 2186 727 2228 genus
752 2186 840 2214 esse
865 2173 961 2213 cibi.
1032 2172 1138 2227 quid
1161 2172 1322 2212 diceret
1346 2183 1445 2225 ergo

316 2249 388 2290 uel
412 2262 495 2303 quo
520 2262 607 2289 non
632 2248 812 2302 fugeret,
837 2248 869 2288 si
896 2261 1010 2288 nunc
1035 2247 1137 2287 haec
1161 2250 1352 2287 monstra
1379 2244 1558 2293 uideret,

246 2409 307 2436 145
323 2404 504 2444 pariendis
520 2404 580 2435 ΟΠ
597 2403 684 2435 sicut
699 2403 884 2434 coniecerat
901 2402 1132 2441 Buechelerus,
1155 2403 1332 2434 ÷÷÷÷÷÷iendis
1348 2403 1383 2441 P,
1398 2402 1581 2443 rapiendis
1597 2401 1716 2444 Regin.

180 2457 264 2488 2029
286 2455 371 2487 Brit.
398 2456 513 2494 11998,
538 2455 720 2495 capiendis
743 2453 805 2494 ΨΡ
893 2459 956 2486 154
978 2455 1098 2486 limine
1120 2453 1166 2491 Ψ,
1189 2455 1303 2486 limite
1327 2455 1385 2486 PA
1473 2458 1535 2486 155
1558 2455 1652 2486 conl-
1674 2463 1715 2484 ex

179 2509 277 2547 rou,
297 2508 416 2540 colata.
430 2507 456 2538 P
545 2510 607 2538 166
632 2508 668 2538 et
691 2507 848 2540 PAOTU.
869 2515 910 2537 ac
929 2506 1011 2537 FGL
1099 2509 1160 2537 168
1183 2506 1374 2537 nescierint
1397 2506 1493 2543 PAG,
1511 2506 1717 2538 nescierunt

180 2561 204 2592 S
227 2559 363 2601 aliique,
381 2559 582 2591 nescierant
604 2559 639 2597 (a.
654 2567 734 2589 corr.
753 2568 792 2588 ex
808 2557 845 2597 u)
863 2557 932 2588 flor.
951 2557 1064 2598 Sang,
1084 2558 1282 2588 neseierent
1304 2558 1345 2594 U,
1363 2558 1541 2589 nescirent
1559 2556 1597 2588 Ψ
1619 2556 1711 2588 Seru.

179 2621 288 2653 georg.
306 2619 336 2642 11
360 2612 422 2642 539
510 2610 699 2642 extendere
720 2609 746 2641 P
767 2608 837 2640 fior.
855 2609 953 2650 Sang.
971 2609 1039 2643 AT.
1061 2609 1254 2640 extundere
1273 2607 1310 2639 Ψ
1334 2608 1478 2646 Seruius,
1496 2608 1667 2640 excudere
1687 2608 1716 2639 0

180 2662 305 2705 aliique
393 2666 456 2694 170
472 2663 610 2694 uoltum
633 2671 673 2692 ex
689 2662 728 2697 U,
746 2662 848 2693 uoltu
864 2661 890 2692 P
979 2665 1039 2692 171
1063 2661 1280 2692 crediderint
1303 2659 1376 2698 ΡΨ,
1395 2661 1620 2692 crediderant
1644 2658 1714 2691 flor.

180 2715 294 2757 Sang.,
315 2715 542 2747 crediderunt
565 2713 623 2744 alii
647 2712 856 2754 paenultima
877 2715 993 2744 contra
1013 2711 1184 2743 quenalis
1205 2723 1303 2743 usum
1325 2714 1485 2754 correpta.
1535 2712 1717 2752 aspicimus

174 2767 314 2808 populos
335 2776 477 2808 quorum
500 2776 567 2797 non
588 2765 760 2805 sufficit
783 2765 854 2796 irae
874 2765 1021 2796 occidisse
1037 2765 1204 2804 aliquem:
1229 2774 1279 2795 res
1295 2764 1483 2795 manifesta.
1534 2764 1717 2803 aspicimus

176 2819 313 2860 populos
342 2820 402 2859 qui
431 2818 676 2850 crediderint
704 2820 830 2857 pectora
853 2819 905 2848 etc.
932 2826 1034 2856 (senus
1059 2826 1120 2847 esse
1147 2816 1231 2848 cibi:
1270 2815 1333 2846 hoc
1358 2817 1409 2847 est
1439 2825 1516 2856 quos
1541 2814 1716 2847 credidisse

179 2871 368 2911 colliyimus
