1947 3145
156 518 220 550 120

156 894 221 926 125

157 1271 220 1302 130

156 1647 218 1679 135

156 2023 220 2054 140

159 2399 221 2432 145

772 91 1006 133 sATVRA
1046 91 1088 132 X

289 209 485 263 quisquis
508 209 648 250 adhuc
672 223 757 250 uno
781 223 950 264 parcam
974 209 1077 251 colit
1101 223 1190 250 asse
1214 210 1473 259 Mineruam,

289 297 417 337 quem
441 284 635 338 sequitur
658 289 801 325 custos
826 288 1031 339 angustae
1055 284 1237 325 uernula
1261 298 1418 339 capsae.

289 358 458 412 eloquio
482 359 553 400 sed
577 363 757 412 uterque
781 359 894 413 perit
918 364 1071 409 orator,
1094 364 1326 415 utrumque

290 432 434 489 largus
459 438 502 475 et
525 434 747 475 exundans
771 434 858 475 leto
882 434 1001 476 dedit
1026 435 1191 489 ingenii
1215 435 1319 477 fons.

288 508 458 563 ingenio
482 522 637 550 manus
661 514 725 550 est
749 514 793 550 et
816 510 961 550 ceruix
985 524 1117 559 caesa,
1141 524 1218 552 nec
1242 525 1448 565 umquam

290 584 500 639 sanguine
525 584 731 625 causidici
754 585 1014 626 maduerunt
1037 590 1174 626 rostra
1198 586 1357 639 pusilli.

291 662 340 699 ‘o
364 658 630 700 fortunatam
654 663 803 701 natam
827 674 895 701 me
919 661 1090 702 consule
1114 661 1295 702 Romam
1312 662 1345 703 'z

290 733 456 775 Antoni
480 733 644 789 gladios
667 735 812 788 potuit
836 740 1108 777 contemnere
1133 736 1168 777 si
1193 736 1253 777 sic

290 809 433 850 omnia
458 809 649 850 dixisset.
719 810 894 851 ridenda
917 816 1116 864 poemata
1140 811 1253 852 malo

290 898 420 939 quam
440 889 495 934 te,
517 885 767 939 conspicuae
792 885 942 926 diuina
967 886 1212 941 Philippica
1237 887 1386 937 famae,

289 959 478 1001 uolueris
502 973 526 1000 a
550 960 689 1014 prima
713 974 820 1014 quae
844 961 1049 1015 proxima.
1120 976 1271 1003 saeuus
1295 968 1339 1004 et
1363 963 1489 1005 illum

291 1034 435 1076 exitus
458 1036 630 1090 eripuit,
655 1049 783 1089 quem
807 1037 1078 1078 mirabantur
1101 1038 1298 1080 Athenae

292 1114 528 1151 torrentem
553 1115 595 1151 et
619 1110 735 1165 pleni
759 1111 1053 1153 moderantem
1079 1112 1197 1153 frena
1221 1114 1392 1155 theatri.

290 1185 357 1227 dis
381 1185 454 1226 1110
478 1186 663 1226 aduersis
687 1187 860 1241 genitus
884 1187 1057 1241 fatoque
1082 1188 1266 1237 sinistro,

289 1274 417 1315 quem
441 1265 563 1315 pater
585 1261 778 1303 ardentis
802 1275 965 1303 massae
989 1262 1171 1317 fuligine
1196 1263 1342 1318 lippus

289 1349 314 1375 a
337 1335 517 1376 carbone
540 1339 584 1377 et
608 1335 841 1390 forcipibus
865 1336 1115 1391 gladiosque
1138 1339 1309 1392 paranti

289 1411 445 1452 incude
469 1415 512 1452 et
536 1410 654 1452 luteo
679 1411 873 1452 Vulcano
897 1412 951 1452 ad
974 1413 1147 1453 rhetora
1172 1414 1300 1454 misit.

356 1485 565 1527 bellorum
589 1487 782 1536 exuuiae,
807 1487 968 1528 truncis
992 1487 1133 1528 adfixa
1158 1490 1343 1542 tropaeis

289 1561 420 1603 lorica
443 1566 487 1602 et
510 1561 647 1602 fracta
672 1561 723 1602 de
748 1562 909 1603 casside
934 1563 1114 1603 buccula
1138 1564 1329 1618 pendens

287 1641 332 1679 et
356 1640 526 1678 curtum
551 1641 720 1678 temone
744 1637 895 1691 iugum
920 1638 1144 1692 uictaeque
1169 1640 1359 1681 triremis

289 1711 479 1766 aplustre
504 1716 547 1753 et
572 1725 739 1753 summo
765 1713 904 1753 tristis
928 1713 1122 1767 captiuos
1145 1714 1191 1754 in
1214 1729 1315 1756 arcu

290 1787 493 1828 humanis
516 1787 678 1828 maiora
702 1788 823 1828 bonis
847 1788 1086 1830 creduntur.
1157 1789 1211 1830 ad
1236 1790 1316 1831 11οο
1340 1804 1382 1832 se

291 1862 512 1903 Romanus
537 1863 775 1916 Graiusque
801 1867 844 1903 et
869 1863 1077 1904 barbarus
1102 1864 1379 1919 induperator

290 1937 442 1986 erexit,
465 1951 613 1979 causas
638 1938 899 1979 discriminis
923 1943 1052 1992 atque
1076 1939 1232 1981 laboris

289 2012 387 2053 inde
411 2013 592 2054 habuit:
627 2017 750 2054 tanto
774 2013 910 2054 maior
934 2014 1070 2054 famae
1096 2015 1192 2055 sitis
1215 2020 1280 2056 est
1305 2030 1434 2070 quam

289 2088 480 2129 uirtutis.
551 2088 647 2142 quis
671 2089 787 2129 enim
811 2089 1024 2130 uirtutem
1048 2090 1328 2144 amplectitur
1351 2092 1499 2146 ipsam,

290 2163 481 2217 praemia
505 2163 541 2204 si
565 2163 722 2205 tollas?
790 2165 976 2217 patriam
1001 2169 1146 2206 tamen
1170 2166 1313 2207 obruit
1337 2167 1439 2208 olim

291 2238 427 2294 gloria
451 2252 686 2293 paucorum
710 2244 754 2281 et
778 2239 918 2281 laudis
944 2241 1150 2295 titulique
1174 2243 1328 2296 cupido

291 2314 463 2355 haesuri
487 2315 602 2355 saxis
626 2315 817 2356 cinerum
841 2315 1103 2365 custodibus,
1127 2317 1180 2357 ad
1204 2332 1312 2372 quae

292 2389 562 2431 discutienda
586 2390 735 2431 ualent
759 2391 920 2432 sterilis
943 2391 1056 2432 mala
1081 2392 1231 2433 robora
1255 2394 1337 2443 fici,

291 2464 640 2519 quandoquidem
666 2465 766 2506 data
791 2470 892 2507 sunt
916 2466 1021 2520 ipsis
1045 2481 1215 2522 quoque
1239 2468 1329 2510 fata
1354 2470 1569 2524 sepulcris.

291 2539 481 2594 expende
505 2540 822 2581 Hannibalem:
857 2545 962 2595 quot
985 2541 1116 2583 libras
1140 2543 1187 2582 in
1212 2543 1318 2585 duce
1341 2558 1508 2587 summo

291 2615 516 2656 inuenies?
585 2615 655 2656 hic
680 2620 756 2664 est,
781 2629 908 2670 quem
932 2630 1018 2657 non
1042 2618 1157 2671 capit
1180 2619 1329 2660 Africa
1352 2620 1508 2663 Mauro

291 2704 490 2745 percussa
514 2703 669 2731 oceano
694 2691 881 2745 Niloque
905 2691 1078 2733 admota
1103 2695 1271 2748 tepenti

221 2815 285 2844 116
306 2820 452 2852 parcam
474 2813 510 2852 P,
531 2813 674 2852 partam
697 2811 734 2843 Ψ
823 2816 884 2845 131
906 2815 1052 2853 paranti
1075 2815 1172 2854 PGU,
1190 2819 1342 2856 parante
1358 2816 1407 2857 Ψ,
1426 2821 1558 2858 parant
1580 2819 1606 2851 F

199 2866 264 2896 136
280 2864 442 2904 captiuos
458 2874 498 2895 ex
514 2865 540 2896 P
629 2868 690 2896 145
706 2865 764 2896 fici
779 2865 836 2897 PG
851 2864 986 2907 aliique,
1005 2866 1092 2898 ficus
1108 2865 1146 2898 Ψ

1630 95 1689 136 93
