<?xml version="1.0" encoding="UTF-8"?>
<!DOCTYPE html PUBLIC "-//W3C//DTD XHTML 1.0 Transitional//EN"
    "http://www.w3.org/TR/xhtml1/DTD/xhtml1-transitional.dtd">
<html xmlns="http://www.w3.org/1999/xhtml" xml:lang="en" lang="en">
 <head>
  <title>
</title>
<meta http-equiv="Content-Type" content="text/html;charset=utf-8" />
  <meta name='ocr-system' content='tesseract 3.04.00' />
  <meta name='ocr-capabilities' content='ocr_page ocr_carea ocr_par ocr_line ocrx_word'/>
</head>
<body>
  <div class='ocr_page' id='page_1' title='image "./saturaeeditorumi00juveuoft_0119.png"; bbox 0 0 1947 3145; ppageno 0'>
   <div class='ocr_carea' id='block_1_1' title="bbox 711 78 1669 125">
    <p class='ocr_par' dir='ltr' id='par_1_1' title="bbox 711 78 1669 125">
     <span class='ocr_line' id='line_1_1' title="bbox 711 78 1669 125; baseline 0.006 -6"><span class='ocrx_word' id='word_1_1' title='bbox 711 78 944 120; x_wconf 81' lang='lat' dir='ltr'><strong>SATVRA</strong></span> <span class='ocrx_word' id='word_1_2' title='bbox 980 78 1100 119; x_wconf 90' lang='lat' dir='ltr'><strong>VIII</strong></span> <span class='ocrx_word' id='word_1_3' title='bbox 1611 81 1635 125; x_wconf 87' lang='grc'>7</span> <span class='ocrx_word' id='word_1_4' title='bbox 1645 80 1669 124; x_wconf 83' lang='lat'>&#39;7</span> 
     </span>
    </p>
   </div>
   <div class='ocr_carea' id='block_1_2' title="bbox 135 195 1625 2355">
    <p class='ocr_par' dir='ltr' id='par_1_2' title="bbox 135 195 1625 2355">
     <span class='ocr_line' id='line_1_2' title="bbox 270 195 1454 251; baseline 0.003 -16"><span class='ocrx_word' id='word_1_5' title='bbox 270 195 458 237; x_wconf 79' lang='lat' dir='ltr'>forsitan,</span> <span class='ocrx_word' id='word_1_6' title='bbox 529 195 700 237; x_wconf 77' lang='lat' dir='ltr'>inbellis</span> <span class='ocrx_word' id='word_1_7' title='bbox 725 196 911 238; x_wconf 84' lang='lat' dir='ltr'>Rhodios</span> <span class='ocrx_word' id='word_1_8' title='bbox 936 201 1193 251; x_wconf 88' lang='lat' dir='ltr'>unctamque</span> <span class='ocrx_word' id='word_1_9' title='bbox 1220 196 1454 239; x_wconf 77' lang='lat' dir='ltr'>Corinthon</span> 
     </span>
     <span class='ocr_line' id='line_1_3' title="bbox 270 271 1248 325; baseline 0.001 -13"><span class='ocrx_word' id='word_1_10' title='bbox 270 271 475 325; x_wconf 80' lang='lat' dir='ltr'>despicias</span> <span class='ocrx_word' id='word_1_11' title='bbox 499 271 674 311; x_wconf 90' lang='lat' dir='ltr'>merito:</span> <span class='ocrx_word' id='word_1_12' title='bbox 710 271 813 325; x_wconf 89' lang='lat' dir='ltr'>quid</span> <span class='ocrx_word' id='word_1_13' title='bbox 835 272 1021 312; x_wconf 74' lang='lat' dir='ltr'>resinata</span> <span class='ocrx_word' id='word_1_14' title='bbox 1045 272 1248 313; x_wconf 90' lang='lat' dir='ltr'>iuuentus</span> 
     </span>
     <span class='ocr_line' id='line_1_4' title="bbox 136 345 1258 402; baseline 0 -14"><span class='ocrx_word' id='word_1_15' title='bbox 136 355 200 388; x_wconf 88' lang='lat'>115</span> <span class='ocrx_word' id='word_1_16' title='bbox 270 359 477 400; x_wconf 88' lang='lat' dir='ltr'>cruraque</span> <span class='ocrx_word' id='word_1_17' title='bbox 502 346 636 386; x_wconf 92' lang='lat' dir='ltr'>totius</span> <span class='ocrx_word' id='word_1_18' title='bbox 662 345 821 387; x_wconf 86' lang='lat' dir='ltr'>facient</span> <span class='ocrx_word' id='word_1_19' title='bbox 846 347 928 387; x_wconf 90' lang='lat' dir='ltr'>tibi</span> <span class='ocrx_word' id='word_1_20' title='bbox 951 346 1062 387; x_wconf 90' lang='lat' dir='ltr'>leuia</span> <span class='ocrx_word' id='word_1_21' title='bbox 1086 348 1258 402; x_wconf 76' lang='lat' dir='ltr'>gentis?</span> 
     </span>
     <span class='ocr_line' id='line_1_5' title="bbox 272 420 1320 475; baseline 0.002 -14"><span class='ocrx_word' id='word_1_22' title='bbox 272 421 442 461; x_wconf 87' lang='lat' dir='ltr'>horrida</span> <span class='ocrx_word' id='word_1_23' title='bbox 466 420 648 461; x_wconf 88' lang='lat' dir='ltr'>uitanda</span> <span class='ocrx_word' id='word_1_24' title='bbox 672 425 736 462; x_wconf 87' lang='lat' dir='ltr'>est</span> <span class='ocrx_word' id='word_1_25' title='bbox 761 421 985 475; x_wconf 81' lang='lat' dir='ltr'>Hispania,</span> <span class='ocrx_word' id='word_1_26' title='bbox 1011 421 1203 463; x_wconf 86' lang='lat' dir='ltr'>Gallicus</span> <span class='ocrx_word' id='word_1_27' title='bbox 1227 423 1320 463; x_wconf 80' lang='lat' dir='ltr'>axis</span> 
     </span>
     <span class='ocr_line' id='line_1_6' title="bbox 272 495 1360 550; baseline 0.003 -15"><span class='ocrx_word' id='word_1_28' title='bbox 272 495 580 550; x_wconf 78' lang='lat' dir='ltr'>Illyricumque</span> <span class='ocrx_word' id='word_1_29' title='bbox 604 495 744 546; x_wconf 82' lang='lat' dir='ltr'>latus3</span> <span class='ocrx_word' id='word_1_30' title='bbox 779 509 902 549; x_wconf 89' lang='lat' dir='ltr'>parce</span> <span class='ocrx_word' id='word_1_31' title='bbox 927 501 970 537; x_wconf 89' lang='lat' dir='ltr'>et</span> <span class='ocrx_word' id='word_1_32' title='bbox 994 498 1248 538; x_wconf 84' lang='lat' dir='ltr'>messoribus</span> <span class='ocrx_word' id='word_1_33' title='bbox 1272 497 1360 539; x_wconf 88' lang='lat' dir='ltr'>illis</span> 
     </span>
     <span class='ocr_line' id='line_1_7' title="bbox 271 570 1434 626; baseline 0.003 -16"><span class='ocrx_word' id='word_1_34' title='bbox 271 571 346 624; x_wconf 90' lang='lat' dir='ltr'>qui</span> <span class='ocrx_word' id='word_1_35' title='bbox 370 574 569 611; x_wconf 89' lang='lat' dir='ltr'>saturant</span> <span class='ocrx_word' id='word_1_36' title='bbox 594 570 745 610; x_wconf 88' lang='lat' dir='ltr'>urbem</span> <span class='ocrx_word' id='word_1_37' title='bbox 769 571 879 611; x_wconf 91' lang='lat' dir='ltr'>circo</span> <span class='ocrx_word' id='word_1_38' title='bbox 904 584 1158 626; x_wconf 74' lang='lat' dir='ltr'>scaenaeque</span> <span class='ocrx_word' id='word_1_39' title='bbox 1185 578 1434 624; x_wconf 81' lang='lat' dir='ltr'>uacantem3</span> 
     </span>
     <span class='ocr_line' id='line_1_8' title="bbox 271 644 1509 703; baseline 0.003 -17"><span class='ocrx_word' id='word_1_40' title='bbox 271 650 432 699; x_wconf 90' lang='lat' dir='ltr'>quanta</span> <span class='ocrx_word' id='word_1_41' title='bbox 457 649 602 686; x_wconf 88' lang='lat' dir='ltr'>autem</span> <span class='ocrx_word' id='word_1_42' title='bbox 625 644 724 686; x_wconf 91' lang='lat' dir='ltr'>inde</span> <span class='ocrx_word' id='word_1_43' title='bbox 749 645 856 686; x_wconf 87' lang='lat' dir='ltr'>feres</span> <span class='ocrx_word' id='word_1_44' title='bbox 880 650 971 686; x_wconf 87' lang='lat' dir='ltr'>tam</span> <span class='ocrx_word' id='word_1_45' title='bbox 996 646 1110 687; x_wconf 89' lang='lat' dir='ltr'>dirae</span> <span class='ocrx_word' id='word_1_46' title='bbox 1134 648 1325 700; x_wconf 87' lang='lat' dir='ltr'>praemia</span> <span class='ocrx_word' id='word_1_47' title='bbox 1348 648 1509 703; x_wconf 89' lang='lat' dir='ltr'>culpae,</span> 
     </span>
     <span class='ocr_line' id='line_1_9' title="bbox 137 721 1342 774; baseline 0.001 -11"><span class='ocrx_word' id='word_1_48' title='bbox 137 730 199 763; x_wconf 82' lang='lat'>120</span> <span class='ocrx_word' id='word_1_49' title='bbox 269 734 368 762; x_wconf 92' lang='lat' dir='ltr'>cum</span> <span class='ocrx_word' id='word_1_50' title='bbox 392 721 535 761; x_wconf 90' lang='lat' dir='ltr'>tenuis</span> <span class='ocrx_word' id='word_1_51' title='bbox 558 734 694 774; x_wconf 87' lang='lat' dir='ltr'>nuper</span> <span class='ocrx_word' id='word_1_52' title='bbox 718 721 886 761; x_wconf 88' lang='lat' dir='ltr'>Marius</span> <span class='ocrx_word' id='word_1_53' title='bbox 910 721 1159 763; x_wconf 67' lang='lat' dir='ltr'>discinxerit</span> <span class='ocrx_word' id='word_1_54' title='bbox 1182 723 1342 764; x_wconf 74' lang='lat' dir='ltr'>Afros?</span> 
     </span>
     <span class='ocr_line' id='line_1_10' title="bbox 272 795 1294 851; baseline 0.003 -15"><span class='ocrx_word' id='word_1_55' title='bbox 272 795 508 836; x_wconf 82' lang='lat' dir='ltr'>curandum</span> <span class='ocrx_word' id='word_1_56' title='bbox 532 796 579 836; x_wconf 90' lang='lat' dir='ltr'>in</span> <span class='ocrx_word' id='word_1_57' title='bbox 602 795 755 849; x_wconf 88' lang='lat' dir='ltr'>primis</span> <span class='ocrx_word' id='word_1_58' title='bbox 779 809 832 836; x_wconf 90' lang='lat' dir='ltr'>ne</span> <span class='ocrx_word' id='word_1_59' title='bbox 857 810 1010 851; x_wconf 86' lang='lat' dir='ltr'>magna</span> <span class='ocrx_word' id='word_1_60' title='bbox 1034 797 1193 838; x_wconf 88' lang='lat' dir='ltr'>iniuria</span> <span class='ocrx_word' id='word_1_61' title='bbox 1218 798 1294 839; x_wconf 88' lang='lat' dir='ltr'>fiat</span> 
     </span>
     <span class='ocr_line' id='line_1_11' title="bbox 271 870 1625 928; baseline 0.004 -17"><span class='ocrx_word' id='word_1_62' title='bbox 271 870 454 912; x_wconf 88' lang='lat' dir='ltr'>fortibus</span> <span class='ocrx_word' id='word_1_63' title='bbox 478 875 522 912; x_wconf 89' lang='lat' dir='ltr'>et</span> <span class='ocrx_word' id='word_1_64' title='bbox 546 871 722 912; x_wconf 88' lang='lat' dir='ltr'>miseris.</span> <span class='ocrx_word' id='word_1_65' title='bbox 792 871 919 912; x_wconf 88' lang='lat' dir='ltr'>tollas</span> <span class='ocrx_word' id='word_1_66' title='bbox 944 871 1044 912; x_wconf 90' lang='lat' dir='ltr'>licet</span> <span class='ocrx_word' id='word_1_67' title='bbox 1069 885 1193 913; x_wconf 89' lang='lat' dir='ltr'>omne</span> <span class='ocrx_word' id='word_1_68' title='bbox 1218 874 1332 927; x_wconf 90' lang='lat' dir='ltr'>quod</span> <span class='ocrx_word' id='word_1_69' title='bbox 1356 888 1536 928; x_wconf 84' lang='lat' dir='ltr'>usquam</span> <span class='ocrx_word' id='word_1_70' title='bbox 1560 880 1625 917; x_wconf 87' lang='lat' dir='ltr'>est</span> 
     </span>
     <span class='ocr_line' id='line_1_12' title="bbox 272 946 1455 1004; baseline 0.004 -18"><span class='ocrx_word' id='word_1_71' title='bbox 272 946 366 986; x_wconf 83' lang='lat' dir='ltr'>auri</span> <span class='ocrx_word' id='word_1_72' title='bbox 390 950 519 1000; x_wconf 89' lang='lat' dir='ltr'>atque</span> <span class='ocrx_word' id='word_1_73' title='bbox 545 946 723 1001; x_wconf 88' lang='lat' dir='ltr'>argenti,</span> <span class='ocrx_word' id='word_1_74' title='bbox 748 951 917 987; x_wconf 85' lang='lat' dir='ltr'>scutum</span> <span class='ocrx_word' id='word_1_75' title='bbox 942 946 1216 1001; x_wconf 79' lang='lat' dir='ltr'>gladiumque</span> <span class='ocrx_word' id='word_1_76' title='bbox 1242 948 1455 1004; x_wconf 84' lang='lat' dir='ltr'>relinques</span> 
     </span>
     <span class='ocr_line' id='line_1_13' title="bbox 272 1020 1479 1079; baseline 0.005 -19"><span class='ocrx_word' id='word_1_77' title='bbox 272 1020 334 1074; x_wconf 92' lang='lat' dir='ltr'>[et</span> <span class='ocrx_word' id='word_1_78' title='bbox 357 1020 544 1062; x_wconf 91' lang='lat' dir='ltr'>iaculum</span> <span class='ocrx_word' id='word_1_79' title='bbox 567 1026 610 1062; x_wconf 92' lang='lat' dir='ltr'>et</span> <span class='ocrx_word' id='word_1_80' title='bbox 634 1021 824 1076; x_wconf 72' lang='lat' dir='ltr'>galeam,</span> <span class='ocrx_word' id='word_1_81' title='bbox 860 1021 1054 1075; x_wconf 88' lang='lat' dir='ltr'>spoliatis</span> <span class='ocrx_word' id='word_1_82' title='bbox 1079 1036 1196 1063; x_wconf 89' lang='lat' dir='ltr'>arma</span> <span class='ocrx_word' id='word_1_83' title='bbox 1221 1025 1479 1079; x_wconf 69' lang='lat' dir='ltr'>supersunt}</span> 
     </span>
     <span class='ocr_line' id='line_1_14' title="bbox 135 1095 1504 1150; baseline 0.004 -14"><span class='ocrx_word' id='word_1_84' title='bbox 135 1106 198 1137; x_wconf 84' lang='lat'>125</span> <span class='ocrx_word' id='word_1_85' title='bbox 269 1095 382 1149; x_wconf 92' lang='lat' dir='ltr'>quod</span> <span class='ocrx_word' id='word_1_86' title='bbox 407 1095 530 1136; x_wconf 90' lang='lat' dir='ltr'>modo</span> <span class='ocrx_word' id='word_1_87' title='bbox 553 1096 765 1150; x_wconf 87' lang='lat' dir='ltr'>proposui,</span> <span class='ocrx_word' id='word_1_88' title='bbox 789 1110 876 1136; x_wconf 90' lang='lat' dir='ltr'>non</span> <span class='ocrx_word' id='word_1_89' title='bbox 901 1102 965 1137; x_wconf 90' lang='lat' dir='ltr'>est</span> <span class='ocrx_word' id='word_1_90' title='bbox 989 1098 1216 1147; x_wconf 88' lang='lat' dir='ltr'>sententia,</span> <span class='ocrx_word' id='word_1_91' title='bbox 1241 1112 1392 1140; x_wconf 91' lang='lat' dir='ltr'>uerum</span> <span class='ocrx_word' id='word_1_92' title='bbox 1416 1106 1504 1150; x_wconf 82' lang='lat' dir='ltr'>est3</span> 
     </span>
     <span class='ocr_line' id='line_1_15' title="bbox 269 1171 1266 1228; baseline 0.003 -17"><span class='ocrx_word' id='word_1_93' title='bbox 269 1171 428 1212; x_wconf 86' lang='lat' dir='ltr'>credite</span> <span class='ocrx_word' id='word_1_94' title='bbox 451 1185 518 1212; x_wconf 90' lang='lat' dir='ltr'>me</span> <span class='ocrx_word' id='word_1_95' title='bbox 543 1172 664 1212; x_wconf 91' lang='lat' dir='ltr'>uobis</span> <span class='ocrx_word' id='word_1_96' title='bbox 689 1171 838 1212; x_wconf 88' lang='lat' dir='ltr'>folium</span> <span class='ocrx_word' id='word_1_97' title='bbox 864 1172 1042 1213; x_wconf 87' lang='lat' dir='ltr'>recitare</span> <span class='ocrx_word' id='word_1_98' title='bbox 1067 1173 1266 1228; x_wconf 84' lang='lat' dir='ltr'>Sibyllae.</span> 
     </span>
     <span class='ocr_line' id='line_1_16' title="bbox 271 1246 1427 1295; baseline 0.004 -9"><span class='ocrx_word' id='word_1_99' title='bbox 271 1246 307 1287; x_wconf 92' lang='lat' dir='ltr'>si</span> <span class='ocrx_word' id='word_1_100' title='bbox 333 1246 414 1287; x_wconf 88' lang='lat' dir='ltr'>tibi</span> <span class='ocrx_word' id='word_1_101' title='bbox 438 1251 585 1288; x_wconf 87' lang='lat' dir='ltr'>sancta</span> <span class='ocrx_word' id='word_1_102' title='bbox 609 1247 757 1287; x_wconf 90' lang='lat' dir='ltr'>cohors</span> <span class='ocrx_word' id='word_1_103' title='bbox 782 1247 1003 1295; x_wconf 90' lang='lat' dir='ltr'>comitum,</span> <span class='ocrx_word' id='word_1_104' title='bbox 1027 1248 1063 1288; x_wconf 91' lang='lat' dir='ltr'>si</span> <span class='ocrx_word' id='word_1_105' title='bbox 1087 1261 1211 1289; x_wconf 90' lang='lat' dir='ltr'>nemo</span> <span class='ocrx_word' id='word_1_106' title='bbox 1237 1250 1427 1291; x_wconf 87' lang='lat' dir='ltr'>tribunal</span> 
     </span>
     <span class='ocr_line' id='line_1_17' title="bbox 270 1321 1457 1379; baseline 0.003 -17"><span class='ocrx_word' id='word_1_107' title='bbox 270 1321 422 1362; x_wconf 92' lang='lat' dir='ltr'>uendit</span> <span class='ocrx_word' id='word_1_108' title='bbox 445 1334 734 1370; x_wconf 86' lang='lat' dir='ltr'>acersecomes,</span> <span class='ocrx_word' id='word_1_109' title='bbox 759 1322 795 1362; x_wconf 91' lang='lat' dir='ltr'>si</span> <span class='ocrx_word' id='word_1_110' title='bbox 819 1322 989 1363; x_wconf 91' lang='lat' dir='ltr'>nullum</span> <span class='ocrx_word' id='word_1_111' title='bbox 1013 1323 1059 1363; x_wconf 89' lang='lat' dir='ltr'>in</span> <span class='ocrx_word' id='word_1_112' title='bbox 1084 1324 1260 1379; x_wconf 87' lang='lat' dir='ltr'>coniuge</span> <span class='ocrx_word' id='word_1_113' title='bbox 1285 1325 1457 1374; x_wconf 88' lang='lat' dir='ltr'>crimen,</span> 
     </span>
     <span class='ocr_line' id='line_1_18' title="bbox 269 1399 1388 1452; baseline 0.004 -16"><span class='ocrx_word' id='word_1_114' title='bbox 269 1409 347 1437; x_wconf 88' lang='lat' dir='ltr'>nec</span> <span class='ocrx_word' id='word_1_115' title='bbox 369 1409 446 1450; x_wconf 89' lang='lat' dir='ltr'>per</span> <span class='ocrx_word' id='word_1_116' title='bbox 469 1401 703 1437; x_wconf 87' lang='lat' dir='ltr'>conuentus</span> <span class='ocrx_word' id='word_1_117' title='bbox 727 1401 769 1437; x_wconf 87' lang='lat' dir='ltr'>et</span> <span class='ocrx_word' id='word_1_118' title='bbox 793 1404 947 1438; x_wconf 87' lang='lat' dir='ltr'>cuncta</span> <span class='ocrx_word' id='word_1_119' title='bbox 971 1411 1045 1451; x_wconf 90' lang='lat' dir='ltr'>per</span> <span class='ocrx_word' id='word_1_120' title='bbox 1069 1399 1226 1452; x_wconf 86' lang='lat' dir='ltr'>oppida</span> <span class='ocrx_word' id='word_1_121' title='bbox 1250 1401 1388 1441; x_wconf 88' lang='lat' dir='ltr'>curuis</span> 
     </span>
     <span class='ocr_line' id='line_1_19' title="bbox 135 1472 1358 1527; baseline 0.003 -15"><span class='ocrx_word' id='word_1_122' title='bbox 135 1482 198 1513; x_wconf 88' lang='grc'>130</span> <span class='ocrx_word' id='word_1_123' title='bbox 267 1472 483 1527; x_wconf 88' lang='lat' dir='ltr'>unguibus</span> <span class='ocrx_word' id='word_1_124' title='bbox 506 1472 568 1512; x_wconf 89' lang='lat' dir='ltr'>ire</span> <span class='ocrx_word' id='word_1_125' title='bbox 592 1476 718 1526; x_wconf 89' lang='lat' dir='ltr'>parat</span> <span class='ocrx_word' id='word_1_126' title='bbox 742 1486 938 1513; x_wconf 90' lang='lat' dir='ltr'>nummos</span> <span class='ocrx_word' id='word_1_127' title='bbox 963 1478 1140 1527; x_wconf 89' lang='lat' dir='ltr'>raptura</span> <span class='ocrx_word' id='word_1_128' title='bbox 1166 1474 1358 1524; x_wconf 83' lang='lat' dir='ltr'>Celaeno,</span> 
     </span>
     <span class='ocr_line' id='line_1_20' title="bbox 269 1547 1375 1604; baseline 0.003 -15"><span class='ocrx_word' id='word_1_129' title='bbox 269 1552 365 1589; x_wconf 90' lang='lat' dir='ltr'>tum</span> <span class='ocrx_word' id='word_1_130' title='bbox 388 1547 489 1588; x_wconf 90' lang='lat' dir='ltr'>licet</span> <span class='ocrx_word' id='word_1_131' title='bbox 512 1561 537 1588; x_wconf 87' lang='lat' dir='ltr'>a</span> <span class='ocrx_word' id='word_1_132' title='bbox 561 1548 662 1588; x_wconf 90' lang='lat' dir='ltr'>Pico</span> <span class='ocrx_word' id='word_1_133' title='bbox 686 1561 881 1589; x_wconf 87' lang='lat' dir='ltr'>numeres</span> <span class='ocrx_word' id='word_1_134' title='bbox 906 1562 1052 1603; x_wconf 87' lang='lat' dir='ltr'>genus,</span> <span class='ocrx_word' id='word_1_135' title='bbox 1076 1549 1248 1604; x_wconf 86' lang='lat' dir='ltr'>altaque</span> <span class='ocrx_word' id='word_1_136' title='bbox 1272 1552 1308 1591; x_wconf 93' lang='lat' dir='ltr'>si</span> <span class='ocrx_word' id='word_1_137' title='bbox 1334 1557 1375 1592; x_wconf 90' lang='lat' dir='ltr'>te</span> 
     </span>
     <span class='ocr_line' id='line_1_21' title="bbox 268 1622 1313 1680; baseline 0.004 -17"><span class='ocrx_word' id='word_1_138' title='bbox 268 1623 444 1664; x_wconf 90' lang='lat' dir='ltr'>nomina</span> <span class='ocrx_word' id='word_1_139' title='bbox 467 1622 680 1664; x_wconf 89' lang='lat' dir='ltr'>delectant</span> <span class='ocrx_word' id='word_1_140' title='bbox 704 1637 873 1664; x_wconf 89' lang='lat' dir='ltr'>omnem</span> <span class='ocrx_word' id='word_1_141' title='bbox 899 1624 1099 1665; x_wconf 86' lang='lat' dir='ltr'>Titanida</span> <span class='ocrx_word' id='word_1_142' title='bbox 1122 1639 1313 1680; x_wconf 87' lang='lat' dir='ltr'>pugnam</span> 
     </span>
     <span class='ocr_line' id='line_1_22' title="bbox 269 1698 1292 1754; baseline 0.003 -15"><span class='ocrx_word' id='word_1_143' title='bbox 269 1698 384 1739; x_wconf 89' lang='lat' dir='ltr'>inter</span> <span class='ocrx_word' id='word_1_144' title='bbox 407 1698 587 1739; x_wconf 88' lang='lat' dir='ltr'>maiores</span> <span class='ocrx_word' id='word_1_145' title='bbox 610 1699 834 1752; x_wconf 91' lang='lat' dir='ltr'>ipsumque</span> <span class='ocrx_word' id='word_1_146' title='bbox 859 1699 1111 1740; x_wconf 89' lang='lat' dir='ltr'>Promethea</span> <span class='ocrx_word' id='word_1_147' title='bbox 1135 1714 1292 1754; x_wconf 86' lang='lat' dir='ltr'>ponas;</span> 
     </span>
     <span class='ocr_line' id='line_1_23' title="bbox 269 1773 1418 1828; baseline 0.003 -14"><span class='ocrx_word' id='word_1_148' title='bbox 269 1773 320 1814; x_wconf 93' lang='lat' dir='ltr'>de</span> <span class='ocrx_word' id='word_1_149' title='bbox 344 1787 613 1828; x_wconf 90' lang='lat' dir='ltr'>quocumque</span> <span class='ocrx_word' id='word_1_150' title='bbox 638 1773 753 1814; x_wconf 89' lang='lat' dir='ltr'>uoles</span> <span class='ocrx_word' id='word_1_151' title='bbox 777 1788 985 1828; x_wconf 90' lang='lat' dir='ltr'>proauum</span> <span class='ocrx_word' id='word_1_152' title='bbox 1010 1775 1092 1815; x_wconf 90' lang='lat' dir='ltr'>tibi</span> <span class='ocrx_word' id='word_1_153' title='bbox 1117 1777 1275 1817; x_wconf 89' lang='lat' dir='ltr'>sumito</span> <span class='ocrx_word' id='word_1_154' title='bbox 1299 1777 1418 1819; x_wconf 89' lang='lat' dir='ltr'>libro.</span> 
     </span>
     <span class='ocr_line' id='line_1_24' title="bbox 136 1849 1403 1905; baseline 0.002 -15"><span class='ocrx_word' id='word_1_155' title='bbox 136 1859 198 1890; x_wconf 89' lang='lat'>135</span> <span class='ocrx_word' id='word_1_156' title='bbox 267 1849 380 1903; x_wconf 92' lang='lat' dir='ltr'>quod</span> <span class='ocrx_word' id='word_1_157' title='bbox 403 1849 440 1890; x_wconf 88' lang='lat' dir='ltr'>si</span> <span class='ocrx_word' id='word_1_158' title='bbox 463 1849 740 1903; x_wconf 86' lang='lat' dir='ltr'>praecipitem</span> <span class='ocrx_word' id='word_1_159' title='bbox 763 1849 878 1904; x_wconf 87' lang='lat' dir='ltr'>rapit</span> <span class='ocrx_word' id='word_1_160' title='bbox 902 1850 1082 1890; x_wconf 89' lang='lat' dir='ltr'>ambitio</span> <span class='ocrx_word' id='word_1_161' title='bbox 1106 1856 1235 1905; x_wconf 86' lang='lat' dir='ltr'>atque</span> <span class='ocrx_word' id='word_1_162' title='bbox 1260 1852 1403 1902; x_wconf 91' lang='lat' dir='ltr'>libido,</span> 
     </span>
     <span class='ocr_line' id='line_1_25' title="bbox 269 1924 1334 1980; baseline 0.004 -15"><span class='ocrx_word' id='word_1_163' title='bbox 269 1924 306 1966; x_wconf 89' lang='lat' dir='ltr'>si</span> <span class='ocrx_word' id='word_1_164' title='bbox 330 1924 493 1979; x_wconf 86' lang='lat' dir='ltr'>frangis</span> <span class='ocrx_word' id='word_1_165' title='bbox 517 1925 661 1979; x_wconf 88' lang='lat' dir='ltr'>uirgas</span> <span class='ocrx_word' id='word_1_166' title='bbox 686 1924 895 1965; x_wconf 88' lang='lat' dir='ltr'>sociorum</span> <span class='ocrx_word' id='word_1_167' title='bbox 920 1925 966 1965; x_wconf 91' lang='lat' dir='ltr'>in</span> <span class='ocrx_word' id='word_1_168' title='bbox 991 1926 1208 1980; x_wconf 87' lang='lat' dir='ltr'>sanguine,</span> <span class='ocrx_word' id='word_1_169' title='bbox 1233 1927 1269 1968; x_wconf 90' lang='lat' dir='ltr'>si</span> <span class='ocrx_word' id='word_1_170' title='bbox 1292 1932 1334 1969; x_wconf 90' lang='lat' dir='ltr'>te</span> 
     </span>
     <span class='ocr_line' id='line_1_26' title="bbox 270 1999 1188 2050; baseline 0.001 -10"><span class='ocrx_word' id='word_1_171' title='bbox 270 1999 484 2041; x_wconf 88' lang='lat' dir='ltr'>delectant</span> <span class='ocrx_word' id='word_1_172' title='bbox 509 2000 683 2040; x_wconf 90' lang='lat' dir='ltr'>hebetes</span> <span class='ocrx_word' id='word_1_173' title='bbox 707 1999 816 2040; x_wconf 91' lang='lat' dir='ltr'>lasso</span> <span class='ocrx_word' id='word_1_174' title='bbox 841 1999 989 2040; x_wconf 87' lang='lat' dir='ltr'>lictore</span> <span class='ocrx_word' id='word_1_175' title='bbox 1014 2013 1188 2050; x_wconf 89' lang='lat' dir='ltr'>secures,</span> 
     </span>
     <span class='ocr_line' id='line_1_27' title="bbox 270 2075 1277 2129; baseline 0.002 -14"><span class='ocrx_word' id='word_1_176' title='bbox 270 2075 426 2129; x_wconf 89' lang='lat' dir='ltr'>incipit</span> <span class='ocrx_word' id='word_1_177' title='bbox 450 2075 641 2129; x_wconf 89' lang='lat' dir='ltr'>ipsorum</span> <span class='ocrx_word' id='word_1_178' title='bbox 664 2079 813 2115; x_wconf 88' lang='lat' dir='ltr'>contra</span> <span class='ocrx_word' id='word_1_179' title='bbox 838 2080 881 2115; x_wconf 89' lang='lat' dir='ltr'>te</span> <span class='ocrx_word' id='word_1_180' title='bbox 907 2081 1020 2116; x_wconf 89' lang='lat' dir='ltr'>stare</span> <span class='ocrx_word' id='word_1_181' title='bbox 1043 2080 1277 2129; x_wconf 89' lang='lat' dir='ltr'>parentum</span> 
     </span>
     <span class='ocr_line' id='line_1_28' title="bbox 270 2149 1374 2205; baseline 0.002 -14"><span class='ocrx_word' id='word_1_182' title='bbox 270 2150 474 2191; x_wconf 88' lang='lat' dir='ltr'>nobilitas</span> <span class='ocrx_word' id='word_1_183' title='bbox 498 2149 737 2204; x_wconf 89' lang='lat' dir='ltr'>claramque</span> <span class='ocrx_word' id='word_1_184' title='bbox 761 2149 896 2191; x_wconf 87' lang='lat' dir='ltr'>facem</span> <span class='ocrx_word' id='word_1_185' title='bbox 920 2150 1130 2204; x_wconf 86' lang='lat' dir='ltr'>praeferre</span> <span class='ocrx_word' id='word_1_186' title='bbox 1154 2152 1374 2205; x_wconf 88' lang='lat' dir='ltr'>pudendis.</span> 
     </span>
     <span class='ocr_line' id='line_1_29' title="bbox 137 2225 1305 2279; baseline 0 -12"><span class='ocrx_word' id='word_1_187' title='bbox 137 2236 198 2267; x_wconf 88' lang='lat'>140</span> <span class='ocrx_word' id='word_1_188' title='bbox 267 2238 392 2266; x_wconf 91' lang='lat' dir='ltr'>omne</span> <span class='ocrx_word' id='word_1_189' title='bbox 417 2225 552 2265; x_wconf 90' lang='lat' dir='ltr'>animi</span> <span class='ocrx_word' id='word_1_190' title='bbox 576 2225 736 2266; x_wconf 89' lang='lat' dir='ltr'>uitium</span> <span class='ocrx_word' id='word_1_191' title='bbox 761 2230 882 2266; x_wconf 87' lang='lat' dir='ltr'>tanto</span> <span class='ocrx_word' id='word_1_192' title='bbox 906 2227 1169 2279; x_wconf 82' lang='lat' dir='ltr'>conspectius</span> <span class='ocrx_word' id='word_1_193' title='bbox 1193 2227 1239 2267; x_wconf 91' lang='lat' dir='ltr'>in</span> <span class='ocrx_word' id='word_1_194' title='bbox 1263 2240 1305 2268; x_wconf 90' lang='lat' dir='ltr'>se</span> 
     </span>
     <span class='ocr_line' id='line_1_30' title="bbox 269 2300 1424 2355; baseline 0.003 -14"><span class='ocrx_word' id='word_1_195' title='bbox 269 2300 431 2342; x_wconf 90' lang='lat' dir='ltr'>crimen</span> <span class='ocrx_word' id='word_1_196' title='bbox 454 2300 596 2349; x_wconf 92' lang='lat' dir='ltr'>habet,</span> <span class='ocrx_word' id='word_1_197' title='bbox 620 2305 780 2354; x_wconf 88' lang='lat' dir='ltr'>quanto</span> <span class='ocrx_word' id='word_1_198' title='bbox 804 2301 941 2341; x_wconf 90' lang='lat' dir='ltr'>maior</span> <span class='ocrx_word' id='word_1_199' title='bbox 964 2301 1038 2355; x_wconf 90' lang='lat' dir='ltr'>qui</span> <span class='ocrx_word' id='word_1_200' title='bbox 1063 2306 1210 2354; x_wconf 88' lang='lat' dir='ltr'>peccat</span> <span class='ocrx_word' id='word_1_201' title='bbox 1234 2302 1424 2345; x_wconf 88' lang='lat' dir='ltr'>habetur.</span> 
     </span>
    </p>
   </div>
   <div class='ocr_carea' id='block_1_3' title="bbox 134 2437 1678 2894">
    <p class='ocr_par' dir='ltr' id='par_1_3' title="bbox 134 2437 1678 2894">
     <span class='ocr_line' id='line_1_31' title="bbox 201 2437 1673 2482; baseline 0.002 -10"><span class='ocrx_word' id='word_1_202' title='bbox 201 2443 264 2472; x_wconf 85' lang='lat'>123</span> <span class='ocrx_word' id='word_1_203' title='bbox 287 2440 467 2479; x_wconf 84' lang='lat' dir='ltr'>relinques</span> <span class='ocrx_word' id='word_1_204' title='bbox 493 2437 539 2476; x_wconf 82' lang='grc' dir='ltr'>Ψ,</span> <span class='ocrx_word' id='word_1_205' title='bbox 563 2439 746 2478; x_wconf 82' lang='lat' dir='ltr'>relinquas</span> <span class='ocrx_word' id='word_1_206' title='bbox 769 2439 822 2470; x_wconf 84' lang='lat' dir='ltr'>ST</span> <span class='ocrx_word' id='word_1_207' title='bbox 846 2441 880 2470; x_wconf 83' lang='lat' dir='ltr'>et</span> <span class='ocrx_word' id='word_1_208' title='bbox 903 2440 943 2469; x_wconf 87' lang='lat' dir='ltr'>ut</span> <span class='ocrx_word' id='word_1_209' title='bbox 965 2437 1103 2469; x_wconf 83' lang='lat' dir='ltr'>uidetur</span> <span class='ocrx_word' id='word_1_210' title='bbox 1125 2439 1161 2478; x_wconf 91' lang='lat' dir='ltr'>P,</span> <span class='ocrx_word' id='word_1_211' title='bbox 1181 2440 1385 2480; x_wconf 85' lang='lat' dir='ltr'>relinquens</span> <span class='ocrx_word' id='word_1_212' title='bbox 1408 2450 1432 2482; x_wconf 89' lang='lat' dir='ltr'>p</span> <span class='ocrx_word' id='word_1_213' title='bbox 1521 2446 1585 2475; x_wconf 82' lang='lat'>124</span> <span class='ocrx_word' id='word_1_214' title='bbox 1608 2442 1673 2475; x_wconf 88' lang='lat' dir='ltr'>del.</span> 
     </span>
     <span class='ocr_line' id='line_1_32' title="bbox 135 2488 1673 2533; baseline 0.002 -10"><span class='ocrx_word' id='word_1_215' title='bbox 135 2490 386 2529; x_wconf 82' lang='lat' dir='ltr'>Lachmannus,</span> <span class='ocrx_word' id='word_1_216' title='bbox 406 2492 517 2522; x_wconf 87' lang='lat' dir='ltr'>ortum</span> <span class='ocrx_word' id='word_1_217' title='bbox 533 2500 574 2520; x_wconf 79' lang='lat' dir='ltr'>ex</span> <span class='ocrx_word' id='word_1_218' title='bbox 590 2488 823 2531; x_wconf 83' lang='lat' dir='ltr'>dittographia</span> <span class='ocrx_word' id='word_1_219' title='bbox 839 2490 910 2521; x_wconf 84' lang='lat' dir='ltr'>siue</span> <span class='ocrx_word' id='word_1_220' title='bbox 930 2490 1055 2521; x_wconf 83' lang='lat' dir='ltr'>rectius</span> <span class='ocrx_word' id='word_1_221' title='bbox 1077 2490 1168 2522; x_wconf 86' lang='lat' dir='ltr'>dicas</span> <span class='ocrx_word' id='word_1_222' title='bbox 1189 2492 1386 2533; x_wconf 84' lang='lat' dir='ltr'>paraphrasi</span> <span class='ocrx_word' id='word_1_223' title='bbox 1401 2494 1552 2533; x_wconf 74' lang='lat' dir='ltr'>spoliatis</span> <span class='ocrx_word' id='word_1_224' title='bbox 1573 2505 1673 2526; x_wconf 64' lang='lat' dir='ltr'>arma</span> 
     </span>
     <span class='ocr_line' id='line_1_33' title="bbox 134 2540 1675 2585; baseline 0.002 -10"><span class='ocrx_word' id='word_1_225' title='bbox 134 2545 311 2584; x_wconf 70' lang='lat' dir='ltr'>supersunt</span> <span class='ocrx_word' id='word_1_226' title='bbox 333 2541 503 2583; x_wconf 81' lang='lat' dir='ltr'>adscripta</span> <span class='ocrx_word' id='word_1_227' title='bbox 526 2540 569 2572; x_wconf 87' lang='lat' dir='ltr'>ad</span> <span class='ocrx_word' id='word_1_228' title='bbox 590 2540 651 2572; x_wconf 87' lang='lat' dir='ltr'>illa</span> <span class='ocrx_word' id='word_1_229' title='bbox 671 2545 800 2572; x_wconf 80' lang='lat' dir='ltr'>scutum</span> <span class='ocrx_word' id='word_1_230' title='bbox 821 2542 1039 2582; x_wconf 71' lang='lat' dir='ltr'>qladiumque</span> <span class='ocrx_word' id='word_1_231' title='bbox 1063 2542 1238 2582; x_wconf 76' lang='lat' dir='ltr'>relinques,</span> <span class='ocrx_word' id='word_1_232' title='bbox 1265 2554 1348 2585; x_wconf 88' lang='lat' dir='ltr'>quae</span> <span class='ocrx_word' id='word_1_233' title='bbox 1373 2544 1516 2577; x_wconf 87' lang='lat' dir='ltr'>eundem</span> <span class='ocrx_word' id='word_1_234' title='bbox 1539 2556 1675 2578; x_wconf 87' lang='lat' dir='ltr'>sensum</span> 
     </span>
     <span class='ocr_line' id='line_1_34' title="bbox 136 2592 1670 2637; baseline 0.003 -10"><span class='ocrx_word' id='word_1_235' title='bbox 136 2594 284 2627; x_wconf 69' lang='lat' dir='ltr'>acutiore</span> <span class='ocrx_word' id='word_1_236' title='bbox 300 2603 451 2625; x_wconf 87' lang='lat' dir='ltr'>sermone</span> <span class='ocrx_word' id='word_1_237' title='bbox 467 2592 662 2633; x_wconf 82' lang='lat' dir='ltr'>exprimunt</span> <span class='ocrx_word' id='word_1_238' title='bbox 750 2594 906 2625; x_wconf 84' lang='lat' dir='ltr'>iaculum</span> <span class='ocrx_word' id='word_1_239' title='bbox 921 2594 958 2631; x_wconf 92' lang='lat' dir='ltr'>P,</span> <span class='ocrx_word' id='word_1_240' title='bbox 977 2594 1096 2625; x_wconf 83' lang='lat' dir='ltr'>iacula</span> <span class='ocrx_word' id='word_1_241' title='bbox 1112 2593 1149 2625; x_wconf 83' lang='grc' dir='ltr'><strong>Ψ</strong></span> <span class='ocrx_word' id='word_1_242' title='bbox 1237 2599 1299 2627; x_wconf 84' lang='grc'>125</span> <span class='ocrx_word' id='word_1_243' title='bbox 1320 2605 1446 2629; x_wconf 89' lang='lat' dir='ltr'>uerum</span> <span class='ocrx_word' id='word_1_244' title='bbox 1466 2600 1523 2630; x_wconf 89' lang='lat' dir='ltr'>est</span> <span class='ocrx_word' id='word_1_245' title='bbox 1544 2599 1670 2637; x_wconf 83' lang='lat' dir='ltr'>PFGU,</span> 
     </span>
     <span class='ocr_line' id='line_1_35' title="bbox 135 2645 1674 2692; baseline 0.002 -13"><span class='ocrx_word' id='word_1_246' title='bbox 135 2655 262 2679; x_wconf 80' lang='lat' dir='ltr'>uerum</span> <span class='ocrx_word' id='word_1_247' title='bbox 283 2646 401 2678; x_wconf 83' lang='lat' dir='ltr'><strong>ALO&#39;I&#39;</strong></span> <span class='ocrx_word' id='word_1_248' title='bbox 489 2648 550 2676; x_wconf 83' lang='grc'>131</span> <span class='ocrx_word' id='word_1_249' title='bbox 574 2646 652 2676; x_wconf 81' lang='lat' dir='ltr'>tum</span> <span class='ocrx_word' id='word_1_250' title='bbox 677 2645 770 2683; x_wconf 87' lang='lat' dir='ltr'>LOT,</span> <span class='ocrx_word' id='word_1_251' title='bbox 797 2646 840 2676; x_wconf 88' lang='lat' dir='ltr'>tu</span> <span class='ocrx_word' id='word_1_252' title='bbox 863 2645 1047 2683; x_wconf 77' lang='lat' dir='ltr'>PSAFGU,</span> <span class='ocrx_word' id='word_1_253' title='bbox 1073 2647 1160 2677; x_wconf 81' lang='lat' dir='ltr'>tunc</span> <span class='ocrx_word' id='word_1_254' title='bbox 1183 2645 1253 2678; x_wconf 89' lang='lat' dir='ltr'>flor.</span> <span class='ocrx_word' id='word_1_255' title='bbox 1279 2646 1441 2680; x_wconf 86' lang='lat' dir='ltr'>Parisina.</span> <span class='ocrx_word' id='word_1_256' title='bbox 1491 2660 1674 2692; x_wconf 86' lang='lat' dir='ltr'>pronomen</span> 
     </span>
     <span class='ocr_line' id='line_1_36' title="bbox 137 2694 1678 2742; baseline 0.003 -13"><span class='ocrx_word' id='word_1_257' title='bbox 137 2696 299 2737; x_wconf 79' lang='lat' dir='ltr'>abundat,</span> <span class='ocrx_word' id='word_1_258' title='bbox 319 2696 517 2729; x_wconf 84' lang='lat' dir='ltr'>aduerbium</span> <span class='ocrx_word' id='word_1_259' title='bbox 534 2699 612 2737; x_wconf 86' lang='lat' dir='ltr'>apte</span> <span class='ocrx_word' id='word_1_260' title='bbox 631 2694 764 2727; x_wconf 88' lang='lat' dir='ltr'>inducit</span> <span class='ocrx_word' id='word_1_261' title='bbox 785 2695 947 2737; x_wconf 83' lang='lat' dir='ltr'>apodosin</span> <span class='ocrx_word' id='word_1_262' title='bbox 1035 2700 1097 2729; x_wconf 88' lang='grc'>133</span> <span class='ocrx_word' id='word_1_263' title='bbox 1121 2706 1234 2737; x_wconf 86' lang='lat' dir='ltr'>ponas</span> <span class='ocrx_word' id='word_1_264' title='bbox 1256 2699 1323 2738; x_wconf 89' lang='lat' dir='ltr'>AL,</span> <span class='ocrx_word' id='word_1_265' title='bbox 1351 2709 1486 2740; x_wconf 75' lang='lat' dir='ltr'>pomas</span> <span class='ocrx_word' id='word_1_266' title='bbox 1509 2702 1544 2740; x_wconf 91' lang='lat' dir='ltr'>P,</span> <span class='ocrx_word' id='word_1_267' title='bbox 1564 2710 1678 2742; x_wconf 89' lang='lat' dir='ltr'>penas</span> 
     </span>
     <span class='ocr_line' id='line_1_37' title="bbox 137 2746 1675 2790; baseline 0.003 -10"><span class='ocrx_word' id='word_1_268' title='bbox 137 2747 207 2781; x_wconf 86' lang='lat' dir='ltr'>flor.</span> <span class='ocrx_word' id='word_1_269' title='bbox 234 2748 345 2790; x_wconf 86' lang='lat' dir='ltr'>Sang.,</span> <span class='ocrx_word' id='word_1_270' title='bbox 372 2749 499 2788; x_wconf 83' lang='lat' dir='ltr'>pingas</span> <span class='ocrx_word' id='word_1_271' title='bbox 520 2746 557 2778; x_wconf 88' lang='grc' dir='ltr'><strong>Ψ</strong></span> <span class='ocrx_word' id='word_1_272' title='bbox 646 2751 718 2786; x_wconf 78' lang='lat'>134,</span> <span class='ocrx_word' id='word_1_273' title='bbox 742 2747 779 2778; x_wconf 91' lang='lat' dir='ltr'>in</span> <span class='ocrx_word' id='word_1_274' title='bbox 803 2757 869 2789; x_wconf 91' lang='lat' dir='ltr'>quo</span> <span class='ocrx_word' id='word_1_275' title='bbox 892 2746 935 2778; x_wconf 89' lang='lat' dir='ltr'>ad</span> <span class='ocrx_word' id='word_1_276' title='bbox 956 2748 1069 2780; x_wconf 88' lang='lat' dir='ltr'>minus</span> <span class='ocrx_word' id='word_1_277' title='bbox 1090 2748 1315 2789; x_wconf 81' lang='lat' dir='ltr'>descenditur,</span> <span class='ocrx_word' id='word_1_278' title='bbox 1336 2751 1521 2783; x_wconf 82' lang='lat' dir='ltr'>orationem</span> <span class='ocrx_word' id='word_1_279' title='bbox 1543 2755 1675 2784; x_wconf 86' lang='lat' dir='ltr'>senten-</span> 
     </span>
     <span class='ocr_line' id='line_1_38' title="bbox 138 2797 1675 2845; baseline 0.003 -14"><span class='ocrx_word' id='word_1_280' title='bbox 138 2798 289 2841; x_wconf 84' lang='lat' dir='ltr'>tiamque</span> <span class='ocrx_word' id='word_1_281' title='bbox 301 2799 470 2837; x_wconf 81' lang='lat' dir='ltr'>debilitat,</span> <span class='ocrx_word' id='word_1_282' title='bbox 483 2797 685 2840; x_wconf 85' lang='lat' dir='ltr'>uideturque</span> <span class='ocrx_word' id='word_1_283' title='bbox 699 2797 741 2830; x_wconf 83' lang='lat' dir='ltr'>ad</span> <span class='ocrx_word' id='word_1_284' title='bbox 758 2808 813 2830; x_wconf 90' lang='lat' dir='ltr'>uu.</span> <span class='ocrx_word' id='word_1_285' title='bbox 833 2799 894 2830; x_wconf 86' lang='lat'>132</span> <span class='ocrx_word' id='word_1_286' title='bbox 911 2809 958 2840; x_wconf 91' lang='lat' dir='ltr'>sq.</span> <span class='ocrx_word' id='word_1_287' title='bbox 973 2799 1167 2841; x_wconf 83' lang='lat' dir='ltr'>explicandi</span> <span class='ocrx_word' id='word_1_288' title='bbox 1180 2811 1278 2832; x_wconf 86' lang='lat' dir='ltr'>eausa</span> <span class='ocrx_word' id='word_1_289' title='bbox 1291 2801 1442 2834; x_wconf 83' lang='lat' dir='ltr'>adiectus</span> <span class='ocrx_word' id='word_1_290' title='bbox 1455 2813 1532 2835; x_wconf 89' lang='lat' dir='ltr'>esse.</span> <span class='ocrx_word' id='word_1_291' title='bbox 1583 2814 1675 2845; x_wconf 85' lang='lat' dir='ltr'>prae·</span> 
     </span>
     <span class='ocr_line' id='line_1_39' title="bbox 138 2849 1675 2894; baseline 0.004 -12"><span class='ocrx_word' id='word_1_292' title='bbox 138 2855 229 2883; x_wconf 82' lang='lat' dir='ltr'>terea</span> <span class='ocrx_word' id='word_1_293' title='bbox 243 2849 285 2882; x_wconf 89' lang='lat' dir='ltr'>de</span> <span class='ocrx_word' id='word_1_294' title='bbox 301 2850 408 2883; x_wconf 88' lang='lat' dir='ltr'>forma</span> <span class='ocrx_word' id='word_1_295' title='bbox 423 2851 544 2883; x_wconf 74' lang='lat' dir='ltr'>sumito</span> <span class='ocrx_word' id='word_1_296' title='bbox 560 2849 638 2882; x_wconf 90' lang='lat' dir='ltr'>uide</span> <span class='ocrx_word' id='word_1_297' title='bbox 658 2849 701 2881; x_wconf 90' lang='lat' dir='ltr'>ad</span> <span class='ocrx_word' id='word_1_298' title='bbox 723 2858 762 2881; x_wconf 80' lang='lat' dir='ltr'>IX</span> <span class='ocrx_word' id='word_1_299' title='bbox 785 2850 846 2881; x_wconf 88' lang='lat'>105</span> <span class='ocrx_word' id='word_1_300' title='bbox 869 2849 1033 2883; x_wconf 85' lang='lat' dir='ltr'>adnotata</span> <span class='ocrx_word' id='word_1_301' title='bbox 1120 2856 1183 2884; x_wconf 85' lang='lat'>135</span> <span class='ocrx_word' id='word_1_302' title='bbox 1207 2854 1354 2886; x_wconf 83' lang='lat' dir='ltr'>ambitio</span> <span class='ocrx_word' id='word_1_303' title='bbox 1377 2855 1445 2894; x_wconf 83' lang='lat' dir='ltr'>PG,</span> <span class='ocrx_word' id='word_1_304' title='bbox 1465 2856 1621 2888; x_wconf 85' lang='lat' dir='ltr'>ambitus</span> <span class='ocrx_word' id='word_1_305' title='bbox 1637 2855 1675 2887; x_wconf 84' lang='grc' dir='ltr'><strong>Ψ</strong></span> 
     </span>
    </p>
   </div>
  </div>
 </body>
</html>
