1947 3145
229 118 254 159 3
265 119 289 158 2
830 115 1156 156 IVVENALIS

361 240 557 275 seruatur
581 234 761 275 domino,
832 233 1025 273 dextram
1049 232 1243 272 cohibere
1268 236 1481 272 memento
1502 246 1510 281 3

360 309 479 351 salua
504 310 561 350 sit
585 314 779 362 artoptae
803 308 1055 348 reuerentia.
1127 308 1238 361 finge
1264 312 1407 347 tamen
1434 310 1475 347 te

361 384 651 438 inprobulum,
676 388 866 436 superest
890 382 982 422 illic
1007 382 1085 436 qui
1108 395 1260 436 ponere
1283 386 1429 436 cogat:

360 465 369 481 ‘
390 461 457 501 uis
484 466 532 500 tu
555 459 780 506 consuetis,
804 458 944 498 audax
970 458 1165 506 conuiua‚
1189 458 1385 498 canistris

249 544 291 578 75
360 535 530 588 impleri
555 534 760 587 panisque
784 533 850 573 tui
874 533 1043 573 nouisse
1067 533 1250 573 colorem
1268 532 1306 573 2³

360 615 369 630 ‘
385 609 547 651 scilicet
572 609 651 648 hoc
675 607 824 656 fuerat,
847 612 1021 661 propter
1045 607 1157 661 quod
1181 620 1304 661 saepe
1329 607 1477 647 relicta

360 684 537 738 coniuge
561 696 634 736 per
658 687 850 723 montem
875 682 1101 723 aduersum
1125 682 1367 736 gelidasque
1391 682 1555 723 cucurri

360 758 587 812 Esquilias,
613 757 811 798 fremeret
837 771 964 798 saeua
988 771 1086 797 cum
1111 757 1317 812 grandine
1342 771 1500 797 uernus

362 834 560 888 Iuppiter
584 838 627 874 et
651 833 789 873 multo
814 832 999 874 stillaret
1023 833 1207 886 paenula
1232 833 1401 874 nimbo?

247 921 289 952 80
425 909 565 962 aspice
589 922 719 962 quam
743 908 870 962 longo
895 908 1134 962 distinguat
1158 912 1324 961 pectore
1348 908 1511 948 lancem

359 997 465 1038 quae
491 983 626 1024 fertur
651 983 822 1023 domino
847 983 1014 1037 squilla,
1038 987 1080 1023 et
1106 983 1261 1036 quibus
1286 982 1475 1036 undique
1500 987 1645 1036 saepta

359 1059 575 1113 asparagis
600 1072 682 1112 qua
707 1058 915 1112 despiciat
939 1058 1139 1098 conuiuia
1163 1058 1308 1106 cauda,

362 1133 465 1173 dum
490 1133 612 1173 uenit
636 1132 792 1173 excelsi
816 1132 1016 1172 manibus
1041 1132 1210 1173 sublata
1234 1132 1432 1172 ministri.

360 1207 431 1249 sed
456 1208 536 1248 tibi
561 1207 738 1248 dimidio
762 1207 1020 1248 constrictus
1044 1221 1282 1248 cammarus
1306 1220 1385 1248 ouo

247 1294 287 1326 85
356 1283 532 1338 ponitur
555 1283 708 1337 exigua
733 1282 879 1324 feralis
903 1295 1004 1323 cena
1028 1283 1196 1336 patella.

359 1359 448 1412 ipse
472 1358 719 1398 Venafrano
744 1358 902 1411 piscem
925 1357 1158 1412 perfundit,
1183 1362 1228 1399 at
1254 1357 1323 1398 hic
1348 1357 1422 1411 qui

358 1433 544 1488 pallidus
569 1433 761 1474 adfertur
785 1433 941 1474 misero
966 1433 1048 1474 tibi
1072 1433 1205 1474 caulis
1230 1433 1361 1473 olebit

358 1509 622 1559 lanternam3
658 1508 767 1549 illud
792 1509 908 1549 enim
932 1508 1087 1549 uestris
1112 1508 1236 1549 datur
1259 1507 1437 1549 alueolis
1461 1507 1574 1562 quod

360 1598 497 1626 canna
520 1584 802 1638 Micipsarum
825 1597 950 1637 prora
974 1584 1174 1624 subuexit
1199 1588 1334 1631 acuta,

247 1670 288 1702 90
357 1664 531 1714 propter
555 1659 668 1713 quod
693 1659 850 1699 Romae
874 1673 971 1699 cum
996 1659 1176 1699 Boccare
1201 1672 1325 1699 nemo
1349 1658 1532 1707 lauatur,

361 1734 474 1789 quod
497 1739 613 1775 tutos
637 1734 767 1775 etiam
791 1734 896 1774 facit
919 1747 944 1773 a
968 1734 1234 1788 serpentibus
1258 1733 1372 1776 atris.

359 1810 521 1851 mullus
546 1810 629 1851 erit
654 1809 831 1858 domini,
855 1823 982 1863 quem
1007 1809 1125 1849 misit
1151 1809 1317 1850 Corsica
1342 1809 1411 1849 uel
1436 1822 1561 1862 quem

361 1885 746 1926 Tauromenitanae
770 1897 906 1939 rupes,
930 1884 1101 1939 quando
1125 1898 1248 1925 omne
1273 1889 1489 1938 peractum
1514 1888 1578 1925 est

361 1964 404 2001 et
428 1961 515 2001 iam
540 1960 695 2001 defecit
720 1964 915 2001 nostrum
940 1973 1066 2008 mare,
1091 1959 1193 2000 dum
1217 1959 1316 2014 gula
1341 1960 1490 2008 saeuit,

249 2046 289 2077 95
359 2036 521 2077 retibus
545 2035 734 2076 adsiduis
758 2035 930 2089 penitus
955 2039 1169 2076 scrutante
1193 2035 1369 2075 macello

361 2112 566 2165 proxima,
590 2124 667 2151 nec
691 2111 882 2164 patimur
906 2111 1169 2165 Tyrrhenum
1193 2124 1375 2151 crescere
1399 2111 1567 2164 piscem.

361 2187 541 2228 instruit
566 2201 664 2242 ergo
688 2187 828 2227 focum
851 2186 1084 2240 prouincia,
1109 2186 1294 2227 sumitur
1319 2186 1441 2227 illinc

363 2261 476 2315 quod
500 2267 691 2315 captator
714 2268 827 2302 emat
852 2261 1026 2310 Laenas,
1050 2261 1228 2302 Aurelia
1253 2261 1426 2302 uendat.

362 2336 539 2376 Virroni
563 2350 766 2377 muraena
791 2336 929 2384 datur,
955 2349 1063 2390 quae
1087 2336 1275 2376 maxima
1298 2337 1421 2377 uenit

229 2422 292 2453 100
362 2412 532 2465 gurgite
558 2411 608 2451 de
633 2411 803 2462 Siculo3
838 2417 937 2451 nam
962 2411 1064 2451 dum
1089 2425 1130 2452 se
1155 2412 1349 2452 continet
1372 2411 1545 2459 Auster,

361 2487 463 2528 dum
489 2487 603 2528 sedet
628 2493 671 2528 et
696 2488 825 2529 siccat
849 2488 1040 2529 madidas
1064 2488 1109 2528 in
1133 2501 1297 2528 carcere
1320 2488 1485 2542 pinnas,

292 2579 333 2606 ⁷2
349 2576 514 2614 artoptae
530 2575 556 2605 P
574 2574 699 2606 Probus
717 2574 843 2614 Vanae,
864 2577 943 2607 arto
964 2577 1050 2615 opta
1070 2584 1088 2607 e
1105 2574 1221 2614 Vind„
1242 2577 1340 2607 artot
1363 2576 1468 2614 optae
1491 2574 1528 2611 F,
1547 2574 1706 2614 artocopi
1722 2573 1760 2605 Ψ

314 2630 355 2658 80
378 2627 578 2665 distinguat
602 2627 628 2658 P
644 2625 760 2665 Vind.‚
781 2627 964 2658 distendat.
987 2625 1033 2665 Ψ,
1055 2627 1231 2658 distentat
1254 2627 1308 2658 1:1¹
1396 2630 1437 2657 88
1459 2625 1567 2657 datm-
1588 2623 1690 2657 vind.
1711 2624 1757 2661 Ψ,

225 2679 372 2712 dabitur
402 2679 482 2710 Pso
572 2682 610 2709 91
638 2688 701 2709 om.
730 2679 756 2709 P
782 2678 898 2718 Vind.‚
927 2678 1003 2710 add.
1031 2679 1066 2709 in
1097 2689 1200 2720 marg.
1228 2682 1288 2710 aut
1310 2679 1336 2710 P
1359 2680 1418 2708 aut
1444 2686 1476 2717 p,
1504 2677 1583 2708 item
1617 2677 1762 2718 pristino

225 2731 415 2762 atramento
431 2730 472 2767 U,
493 2731 571 2760 ante
589 2733 629 2760 90
651 2729 748 2770 ponit
766 2731 802 2768 0,
824 2740 906 2771 quas
922 2729 1038 2761 turbas
1060 2729 1222 2761 excitauit
1245 2727 1535 2760 homoeoteleuton
1553 2730 1655 2766 mur,
1675 2729 1761 2759 atris

314 2781 405 2813 atris
428 2782 454 2812 P
477 2780 546 2811 siue
568 2789 591 2820 p
616 2783 649 2811 et
672 2779 709 2811 Ψ
729 2782 821 2819 (nam
844 2780 884 2812 de
908 2782 939 2813 U
963 2781 1086 2813 errauit
1111 2781 1273 2820 Iahnius),
1294 2782 1389 2812 afros
1405 2779 1471 2811 duo
1494 2779 1650 2821 Rupertii
1673 2779 1759 2821 Gay-

226 2833 382 2866 baeenses
471 2837 511 2865 96
542 2834 700 2872 patimur
732 2834 878 2872 PFLOT,
914 2834 1054 2873 patitur
1084 2833 1186 2865 vind.
1214 2834 1307 2866 AGU
1395 2835 1471 2874 post
1503 2831 1593 2864 hunc
1624 2842 1759 2864 uersum

226 2885 352 2918 desinit
367 2883 470 2917 vind.
