1947 3145
242 96 335 136 144
629 90 958 133 IVVENALIS
996 89 1229 130 SATVRA
1265 89 1374 129 XVI

373 211 525 259 taedia,
549 209 666 250 mille
690 221 855 258 morae3
891 206 1048 248 totiens
1073 205 1275 246 subsellia
1299 209 1473 245 tantum

260 298 300 328 45
372 289 634 332 sternuntur,
658 284 745 323 iam
769 281 952 322 facundo
975 284 1161 334 ponente
1185 279 1376 319 lacernas

373 359 568 401 Caedicio
592 362 635 399 et
662 358 798 397 Fusco
823 356 909 395 iam
935 355 1209 395 micturiente
1233 353 1375 407 parati

371 434 645 490 digredimur,
668 432 870 485 lentaque
894 430 975 470 fori
998 442 1240 484 pugnamus
1263 428 1432 468 harena.

372 514 438 551 ast
463 509 551 549 illis
576 521 681 562 quos
704 520 823 546 arma
847 508 1000 559 tegunt
1024 509 1067 545 et
1091 504 1259 544 balteus
1283 503 1419 543 ambit

374 584 488 639 quod
510 583 722 637 placitum
747 586 811 621 est
835 580 940 634 ipsis
964 584 1208 633 praestatur
1233 582 1404 632 tempus
1427 577 1593 632 agendi,

259 671 300 702 50
370 673 446 700 neo
470 671 533 698 res
556 656 761 698 atteritur
785 655 912 709 longo
936 654 1174 695 sufflamine
1199 653 1299 693 litis.

437 732 536 773 solis
559 736 776 786 praeterea
800 729 989 771 testandi
1013 729 1227 769 militibus
1252 728 1317 768 ius

370 809 472 849 uiuo
496 811 619 862 patre
644 807 782 847 datur.
852 818 963 853 nam,
988 817 1096 858 quae
1120 807 1223 844 sunt
1247 806 1371 856 parta
1395 802 1536 843 labore

371 883 567 931 militiae,
590 881 756 936 placuit
780 894 866 921 non
889 893 978 920 esse
1002 880 1049 919 in
1073 891 1246 932 corpore
1270 890 1419 918 census

371 971 495 1000 omne
520 961 639 998 tenet
662 955 784 997 euius
809 955 1000 1010 regimen
1025 957 1156 1008 pater.
1226 966 1323 1007 ergo
1348 952 1560 993 Coranum

259 1046 299 1077 55
370 1034 587 1089 signorum
612 1031 813 1072 comitem
837 1034 1156 1083 castrorumque
1180 1041 1274 1069 aera
1298 1032 1533 1068 merentem

370 1107 569 1163 quamuis
593 1107 679 1147 iam
705 1105 914 1147 tremulus
938 1108 1084 1158 captat
1107 1107 1253 1157 pater3
1288 1103 1403 1143 huno
1427 1102 1546 1142 fauor
1571 1114 1729 1155 aequus

371 1182 568 1238 prouehit
592 1185 636 1222 et
660 1181 840 1235 pulchro
864 1179 1004 1220 reddit
1028 1192 1104 1220 sua
1129 1178 1240 1219 dona
1264 1177 1409 1218 labori.

370 1259 505 1313 ipsius
529 1262 642 1298 certe
666 1256 784 1297 ducis
808 1256 886 1296 hoe
910 1255 1063 1295 referre
1087 1253 1260 1295 uidetur

369 1339 431 1382 ut,
450 1333 525 1388 qui
549 1332 672 1373 fortis
696 1331 791 1380 erit,
815 1331 872 1371 sit
896 1329 1166 1371 felicissimus
1190 1329 1316 1378 idem,

259 1421 300 1451 60
369 1414 420 1450 ut
444 1408 547 1449 laeti
571 1406 759 1461 phaleris
783 1419 927 1447 omnes
952 1409 995 1445 et
1020 1404 1257 1458 torquibus,
1281 1417 1426 1445 omnes

300 1528 343 1555 45
367 1524 528 1556 lacernas
552 1523 646 1559 PFU,
669 1522 832 1553 lucernas
855 1519 892 1551 Ψ
979 1523 1020 1551 48
1045 1520 1118 1551 illis
1141 1519 1201 1551 AT
1223 1517 1357 1560 aliique,
1384 1518 1439 1550 ini
1461 1515 1526 1549 ΡΨ
1613 1520 1654 1548 49
1679 1516 1769 1556 ipsis

234 1577 360 1613 PFTU,
385 1575 457 1607 illis
481 1575 597 1606 AGLo
686 1577 726 1605 56
751 1575 858 1612 captat
881 1582 965 1604 socer
988 1570 1205 1603 Heinriehius
1227 1569 1302 1603 coll.
1323 1569 1405 1602 Hor.
1423 1579 1518 1601 serm.
1536 1576 1565 1600 11
1583 1569 1601 1600 5
1619 1569 1723 1600 55-69

279 1629 384 1659 fauor
400 1625 592 1668 Rupertius,
612 1625 712 1660 labor
727 1623 792 1656 ΡΨ
