1947 3145
211 391 250 421 45

210 766 251 797 50

209 1142 252 1173 55

212 1518 253 1550 60

214 1894 255 1924 65

773 108 1019 150 SATVRA'
1041 109 1128 149 XV

320 230 602 285 peruigilique
627 234 730 279 toro,
755 244 881 284 quem
905 234 1028 270 nocte
1051 243 1099 270 ac
1122 229 1215 270 luce
1240 229 1445 269 iacentem

322 305 530 361 septimus
554 305 770 346 interdum
795 305 858 346 sol
882 305 1061 346 inuenit.
1132 304 1304 344 horrida
1329 316 1428 344 sane

320 381 551 436 Aegyptos,
575 380 646 422 sed
671 380 856 429 luxuria,
880 384 1092 434 quantum
1117 380 1206 433 ipse
1230 378 1391 427 notaui,

321 455 497 497 barbara
521 456 680 497 famoso
705 469 790 496 non
812 454 925 496 cedit
950 455 1075 496 turba
1100 454 1280 508 Canopo.

321 530 429 572 adde
452 530 565 586 quod
589 534 632 571 et
656 530 793 571 facilis
818 530 998 571 uictoria
1022 530 1072 570 de
1096 529 1278 570 madidis
1302 533 1344 569 et

321 606 474 647 blaesis
497 609 627 660 atque
651 619 762 646 mero
787 605 1084 646 titubantibus.
1154 603 1252 645 inde
1277 604 1467 644 uirorum

322 681 502 722 saltatus
525 681 649 736 nigro
675 681 863 729 tibicine,
887 680 1212 734 qualiacumque

321 760 542 811 unguenta
567 760 610 797 et
634 756 755 797 flores
780 756 1024 810 multaeque
1048 756 1093 796 in
1118 755 1258 796 fronte
1282 767 1478 795 coronae:

322 831 423 872 hinc
447 831 639 872 ieiunum
663 831 818 872 odium.
890 831 961 871 sed
984 831 1120 885 iurgia
1143 830 1282 884 prima
1306 842 1450 870 sonare

323 906 561 960 incipiunt,
597 906 752 946 animis
776 905 1022 946 ardentibus
1047 906 1148 946 haec
1173 905 1278 946 tuba
1301 904 1427 944 rixae.

323 981 422 1022 dein
446 981 629 1022 clamore
652 981 744 1035 pari
768 980 1047 1029 concurritur,
1071 985 1114 1021 et
1138 980 1230 1020 uice
1254 979 1331 1020 teli

323 1056 461 1098 saeuit
485 1056 600 1097 nuda
624 1070 784 1096 manus.
854 1069 1010 1109 paucae
1035 1056 1126 1096 sine
1151 1055 1326 1095 uulnere
1350 1053 1498 1101 malae,

320 1132 398 1173 uix
421 1131 622 1186 cuiquam
646 1136 722 1172 aut
746 1131 857 1171 nulli
882 1135 973 1172 toto
997 1130 1227 1171 certamine
1250 1142 1377 1170 nasus

325 1207 503 1261 integer.
573 1206 776 1261 aspiceres
801 1207 887 1247 iam
911 1210 1066 1247 cuncta
1089 1219 1162 1259 per
1185 1205 1354 1259 agmina
1379 1203 1531 1244 uultus

323 1281 538 1331 dimidios,
563 1281 669 1322 alias
693 1281 821 1322 facies
845 1286 888 1322 et
911 1281 1077 1322 hiantia
1100 1280 1241 1334 ruptis

325 1370 419 1399 ossa
442 1356 573 1411 genis,
597 1356 744 1410 plenos
768 1356 986 1397 oculorum
1011 1355 1213 1410 sanguine
1237 1367 1413 1409 pugnos.

323 1431 470 1473 ludere
494 1445 538 1472 se
562 1431 737 1472 credunt
762 1431 846 1484 ipsi
870 1435 1014 1471 tamen
1039 1435 1081 1471 et
1105 1429 1278 1484 puerilis

323 1520 512 1548 exercere
536 1506 656 1555 acies,
681 1505 793 1560 quod
817 1505 938 1546 nulla
962 1505 1166 1546 cadauera
1190 1504 1364 1546 calcent.

324 1586 368 1624 et
392 1595 493 1623 sane
517 1595 600 1636 quo
626 1586 691 1622 tot
715 1581 898 1622 rixantis
923 1581 1044 1621 milia
1070 1580 1228 1629 turbae,

327 1658 362 1699 si
385 1657 548 1698 uiuunt
573 1658 748 1697 omnes?
817 1669 915 1711 ergo
939 1655 1074 1696 acrior
1099 1656 1297 1709 impetus,
1321 1658 1364 1695 et
1388 1653 1473 1694 iam

327 1746 428 1774 saxa
451 1731 670 1773 inclinatis
693 1745 768 1785 per
792 1731 973 1771 humum
998 1731 1192 1784 quaesita
1215 1729 1384 1770 lacertis

327 1807 542 1862 incipiunt
567 1811 773 1861 torquere,
797 1806 1026 1846 domestica
1050 1805 1249 1846 seditioni

325 1883 424 1931 tela,
448 1896 525 1923 nec
549 1882 665 1923 hunc
690 1881 886 1935 lapidem,
911 1880 1050 1935 qualis
1075 1884 1117 1920 et
1143 1881 1312 1920 Turnus
1336 1883 1378 1920 et
1402 1879 1529 1927 Aia-x,

327 1958 398 1999 uel
422 1971 507 2012 quo
532 1956 714 2011 Tydides
737 1956 945 2010 percussit
969 1955 1147 2009 pondere
1171 1968 1318 1995 coxam

328 2034 508 2082 Aeneae,
533 2031 605 2073 sed
629 2045 756 2086 quem
782 2031 954 2071 ualeant
978 2031 1173 2071 emittere
1197 2029 1371 2069 dextrae

328 2107 418 2149 illis
442 2107 669 2148 dissimiles
694 2111 736 2147 et
761 2111 903 2147 nostro
927 2110 1117 2159 tempore
1142 2110 1278 2145 natae.

328 2197 429 2224 nam
452 2195 586 2238 genus
608 2182 686 2222 hoc
711 2181 811 2222 uiuo
835 2181 922 2221 iam
947 2179 1205 2221 decrescebat
1230 2179 1429 2227 Homero,

327 2263 437 2300 terra
461 2257 596 2298 malos
619 2257 813 2297 homines
837 2270 951 2296 nunc
974 2255 1125 2296 educat
1149 2259 1278 2308 atque
1301 2253 1504 2307 pusillos3

330 2347 430 2388 ergo
453 2332 570 2382 deus,
593 2332 849 2387 quicumque
873 2331 1051 2385 aspexit,
1073 2330 1183 2371 ridet
1208 2333 1250 2370 et
1274 2328 1374 2370 odit.

330 2423 356 2449 a
379 2407 639 2449 deuerticulo
662 2410 884 2460 repetatur
909 2405 1062 2446 fabula.
1132 2408 1359 2458 postquam

331 2483 533 2525 subsidiis
556 2482 686 2532 aucti,
709 2495 806 2536 pars
831 2481 966 2522 altera
989 2494 1181 2535 promere
1205 2479 1366 2520 ferrum

264 2626 340 2665 post
366 2626 407 2655 43
438 2620 564 2654 desinit
594 2621 676 2653 Bob.
776 2625 819 2652 44
848 2621 1028 2652 interdum
1059 2620 1214 2657 PSATU,
1248 2619 1387 2651 interea
1416 2617 1527 2650 PGLO

1626 104 1717 149 137

1615 2619 1731 2647 44—48

198 2675 340 2707 horrida
364 2698 372 2706 .
403 2699 410 2706 .
439 2698 447 2706 .
477 2673 697 2705 titubantibus
727 2671 792 2704 del.
821 2672 1007 2704 Franckius
1105 2675 1146 2703 46
1173 2672 1281 2702 turba
1306 2671 1371 2709 PT,
1399 2670 1479 2710 ripa
1502 2668 1549 2705 Ψ,
1577 2675 1729 2699 οΑΝοΡο.

198 2728 328 2759 Latina
349 2727 428 2767 ripa
450 2724 480 2757 Σ
581 2729 622 2757 47
653 2725 805 2757 madidis
830 2734 894 2756 om.
922 2725 948 2756 P
1051 2727 1092 2755 52
1122 2722 1339 2764 interpunxit
1368 2719 1590 2753 Marklandus

199 2787 269 2819 quo
285 2779 340 2811 ΡΟ
363 2777 497 2820 aliique,
518 2777 612 2818 quod
629 2775 667 2808 Ψ
755 2780 796 2808 64
819 2776 985 2808 seditioni
1008 2773 1037 2806 Σ
1061 2777 1093 2806 et
1118 2773 1224 2806 Hadr.
1245 2772 1409 2812 Valesius,
1431 2772 1603 2804 seditione
1626 2768 1691 2802 ΡΨ

1692 2722 1733 2751 61

245 2834 286 2862 65
302 2831 420 2871 qualis
436 2831 474 2861 et
495 2829 530 2868 Ρ,
552 2829 675 2869 quales
691 2830 728 2860 et
744 2829 771 2861 0
787 2830 827 2859 ut
842 2826 988 2866 uidetur,
1009 2827 1126 2867 qualis
1142 2835 1161 2858 e
1178 2827 1216 2865 G,
1237 2826 1335 2866 quali
1352 2834 1389 2857 se
1404 2825 1464 2857 A'r
1480 2826 1515 2855 et
1531 2823 1563 2863 (e
1579 2833 1619 2854 ex
1635 2821 1736 2860 corr.)

199 2882 235 2920 L,
257 2882 373 2922 qualis
389 2890 426 2914 se
442 2882 476 2921 F,
497 2881 638 2921 qualem
652 2880 711 2912 uel
726 2880 757 2913 U
