1947 3145
211 103 235 143 8
810 100 1135 142 IVVENALIS

343 218 518 259 Clodius
541 224 708 259 accuset
735 219 939 266 moechos,
965 217 1156 258 Catilina
1182 217 1431 271 Cethegum,

341 293 387 333 in
413 294 607 335 tabulam
633 293 777 333 Sullae
803 293 838 332 si
863 292 1010 333 dicant
1034 292 1233 345 discipuli
1259 294 1375 332 tres?

342 369 481 422 qualis
506 374 597 409 erat
622 382 758 422 nuper
784 367 945 422 tragico
971 367 1163 420 pollutus
1188 367 1357 407 adulter

231 455 270 485 3ο
340 444 579 491 concubitu,
604 443 679 496 qui
704 447 808 483 tunc
834 442 948 496 leges
972 442 1197 483 reuocabat
1221 456 1386 482 amaras

342 518 538 559 omnibus
563 522 692 571 atque
717 517 821 570 ipsis
846 517 1005 557 Veneri
1030 517 1251 570 Martique
1276 516 1501 565 timendas,

342 607 440 634 cum
465 597 531 633 tot
555 592 764 632 abortiuis
789 591 1014 632 fecundam
1041 591 1155 632 Iulia
1181 592 1357 632 uuluam

343 668 526 709 solueret
551 671 594 707 et
618 670 774 720 patruo
800 667 962 707 similes
987 667 1223 708 effunderet
1248 667 1360 707 offas.

341 757 482 783 nonne
508 742 642 796 igitur
666 742 756 782 iure
781 756 828 782 ac
853 742 1008 782 merito
1032 743 1143 783 uitia
1169 742 1324 782 ultima
1349 743 1470 783 fictos

230 829 269 860 35
340 822 624 859 contemnunt
650 817 828 857 Scauros
852 822 895 858 et
919 817 1130 871 castigata
1155 817 1396 858 remordent
1417 820 1431 857 2

406 907 490 933 non
516 892 620 933 tulit
644 906 696 932 ex
721 892 809 933 illis
835 897 1005 933 toruum
1030 893 1214 933 Laronia
1240 892 1453 945 quendam

339 968 597 1009 clamantem
623 967 782 1009 totiens
807 972 815 987 ‘
833 967 907 1007 ubi
932 982 1057 1016 nunc,
1082 968 1151 1008 lex
1179 967 1303 1015 Iulia,
1326 968 1481 1008 dormis
1498 970 1512 1008 2
1528 967 1536 981 '

338 1050 466 1098 atque
491 1045 554 1084 ita
578 1043 825 1085 subridens:
863 1044 1030 1084 ‘felicia
1055 1048 1260 1097 tempora,
1284 1057 1391 1097 quae
1415 1048 1457 1084 te

338 1119 526 1160 moribus
551 1124 785 1173 opponunt.
856 1120 1011 1160 habeat
1035 1119 1121 1159 iam
1147 1120 1282 1160 Roma
1307 1119 1511 1173 pudorem
1533 1134 1539 1161 2

224 1206 265 1237 40
334 1196 489 1236 tertius
514 1208 535 1235 e
560 1194 676 1236 caelo
700 1194 854 1236 cecidit
881 1195 997 1236 Cato.
1069 1195 1141 1235 sed
1166 1199 1310 1236 tamen
1337 1194 1450 1235 unde

335 1272 438 1311 haec
462 1271 580 1320 emis,
603 1271 771 1311 hirsuto
796 1271 962 1324 spirant
987 1271 1256 1324 opobalsama
1280 1270 1389 1311 collo

334 1360 442 1401 quae
468 1346 581 1386 tibi?
651 1359 703 1386 ne
727 1346 888 1400 pudeat
913 1346 1135 1386 dominum
1160 1350 1395 1386 monstrare
1421 1345 1631 1386 tabernae.

334 1421 444 1474 quod
472 1421 506 1461 si
534 1425 748 1461 uexantur
773 1421 885 1476 leges
910 1436 957 1461 ac
982 1421 1089 1469 iura,
1113 1421 1239 1461 citari

332 1501 433 1536 ante
457 1497 596 1536 omnis
621 1496 747 1538 debet
773 1497 1006 1537 Scantinia.
1078 1497 1237 1550 respice
1262 1496 1451 1549 primum

220 1582 260 1612 45
330 1576 373 1612 et
397 1576 585 1612 scrutare
609 1572 748 1622 uiros,
784 1572 948 1612 faciunt
973 1585 1073 1611 nam
1097 1571 1232 1625 plura,
1258 1571 1329 1612 sed
1358 1570 1455 1611 illos

332 1646 525 1688 defendit
550 1660 753 1688 numerus
778 1647 1032 1700 iunctaeque
1056 1647 1239 1687 umbone
1264 1646 1509 1700 phalanges.

333 1736 488 1777 magna
512 1722 626 1763 inter
650 1722 801 1763 molles
826 1723 1059 1763 concordia.
1131 1735 1215 1762 non
1241 1722 1324 1763 erit
1350 1721 1486 1762 ullum

332 1797 579 1852 exemplum
604 1799 651 1838 in
676 1802 823 1838 nostro
848 1803 939 1838 tam
963 1798 1216 1838 detestabile
1242 1810 1354 1838 sexu.

330 1871 505 1923 †media
529 1887 614 1914 non
641 1873 793 1914 lambit
819 1873 1021 1914 Cluuiam
1047 1887 1123 1914 nec
1149 1873 1274 1913 Flora
1300 1872 1540 1913 Catullani:

219 1957 260 1988 50
330 1947 470 2002 Hispo
494 1948 610 1989 subit
634 1949 810 1989 iuuenes
835 1954 877 1989 et
902 1949 1047 1989 morbo
1071 1948 1205 2002 pallet
1230 1954 1419 2001 utroque.

332 2022 543 2076 numquid
568 2037 643 2064 nos
668 2023 833 2077 agimus
857 2037 1015 2072 causas,
1039 2022 1186 2063 ciuilia
1211 2023 1306 2063 iura

263 2141 304 2169 30
330 2139 522 2170 reuocabat
549 2139 575 2169 P
601 2137 703 2170 Vind.
734 2139 818 2170 Brit.
847 2140 885 2169 15
916 2139 942 2169 B
970 2147 1036 2177 xii,
1068 2141 1257 2170 reuocarat
1280 2137 1317 2169 Ψ
1407 2143 1447 2170 31
1475 2139 1545 2179 ipsi
1573 2138 1675 2170 Vind.
1703 2140 1734 2171 U

284 2193 326 2221 34
337 2190 430 2221 uitia
446 2191 575 2222 ultima
590 2190 619 2221 V
623 2189 692 2222 ind.
714 2189 785 2230 ΨΡ,
806 2191 900 2222 uitia
922 2193 1081 2232 sequente
1105 2201 1219 2221 rasura
1241 2191 1276 2229 P,
1298 2191 1417 2222 omnia
1437 2191 1530 2222 uitia.
1552 2200 1628 2222 cum
1645 2191 1735 2222 notis

196 2241 469 2282 transpositionis
488 2243 526 2280 Ο,
547 2242 600 2273 cui
620 2242 778 2274 uarietati
801 2253 868 2273 non
894 2245 1029 2274 tantum
1054 2242 1166 2274 tribuo
1183 2244 1222 2273 ut
1245 2242 1407 2273 coniciam
1423 2243 1584 2282 conuicia,
1605 2242 1667 2274 hoc
1684 2246 1735 2275 est

196 2293 338 2332 ἐλέγχεα
427 2297 468 2324 37
499 2303 687 2334 peruersam
720 2294 1027 2335 interpunctionem
1055 2293 1187 2325 sustuli.
1238 2294 1370 2335 quaerit
1396 2293 1455 2325 ubi
1485 2303 1575 2326 nunc
1605 2294 1651 2325 sit
1681 2294 1734 2325 lex

197 2344 284 2376 Iulia
307 2346 342 2376 et
364 2344 463 2375 simul
481 2344 625 2377 dormire
641 2356 712 2377 ean]
730 2346 906 2387 significat.
956 2346 1070 2377 eadem
1088 2346 1253 2378 breuitate
1271 2345 1413 2377 Ouidius
1430 2346 1498 2378 her.
1521 2355 1560 2378 IV
1577 2347 1639 2378 150
1655 2347 1728 2385 heu,

195 2396 254 2427 ubi
275 2406 365 2427 nunc
378 2397 494 2435 fastus
517 2397 649 2437 altaque
672 2398 773 2428 uerba
796 2398 927 2429 iacent?
957 2408 1024 2429 non
1048 2400 1087 2429 ut
1111 2408 1177 2439 quo
1202 2397 1274 2429 loco
1298 2398 1428 2429 iaceant
1451 2400 1591 2439 quaerat
1613 2397 1670 2429 sed
1695 2400 1734 2429 ut

195 2447 298 2478 iacere
322 2447 489 2489 significet
511 2458 571 2480 nec
587 2459 729 2490 usquam
752 2460 919 2491 apparere.
971 2460 1174 2491 quamquam
1197 2449 1288 2481 hunc
1309 2460 1441 2491 quoque
1462 2459 1595 2481 uersum
1611 2448 1731 2481 distin-

193 2498 326 2540 guendo
342 2499 554 2540 pessumdare
571 2504 761 2542 coeperunt,
782 2504 893 2533 uetere
911 2501 1177 2533 Drakenborchii
1200 2511 1306 2532 errore
1322 2503 1492 2540 renouato,
1513 2503 1614 2543 atque
1631 2501 1732 2532 etiam

193 2550 282 2582 trist.
304 2558 315 2581 1
334 2552 352 2582 8
371 2552 410 2582 16
426 2561 461 2582 re
477 2552 539 2582 tibi
560 2562 620 2591 pro
636 2553 706 2583 uili
720 2553 779 2583 sub
794 2554 995 2593 pedibusque
1012 2554 1093 2584 iacet
1117 2552 1325 2584 sollicitant:
1350 2555 1455 2584 restat
1471 2551 1732 2594 corrumpendus

195 2602 396 2644 PropertiuS,
429 2611 441 2633 1
467 2602 483 2635 7
511 2602 549 2635 17
578 2614 625 2645 sq.
654 2605 745 2644 Zongsc
773 2608 881 2636 castra
908 2605 979 2644 tihi,
1009 2605 1099 2645 207193
1126 2606 1226 2636 miser
1251 2606 1390 2644 aymimc
1417 2607 1534 2645 septem
1555 2602 1559 2644 Ι
1570 2604 1668 2644 flebis
1698 2606 1734 2635 in

193 2657 323 2685 aeterno
350 2654 456 2685 surda
481 2655 584 2686 iacere
610 2656 688 2694 situ,
724 2655 785 2687 hoc
813 2659 873 2695 est,
901 2656 999 2698 longe
1030 2657 1094 2688 tibi
1122 2659 1222 2688 crunt
1249 2659 1283 2688 et
1310 2656 1345 2687 in
1371 2659 1505 2688 aeterno
1532 2656 1600 2687 situ
1631 2655 1733 2687 surda

192 2705 351 2737 iacebunt
447 2710 488 2738 43
517 2715 558 2738 ac
587 2707 668 2739 iura
698 2706 735 2738 Ψ
763 2707 854 2746 (uide
882 2707 946 2747 72),
983 2710 1023 2740 at
1049 2709 1130 2740 iura
1157 2707 1274 2747 vind„
1303 2709 1383 2739 aciu
1409 2717 1448 2740 re
1474 2708 1512 2747 Τ,
1543 2709 1668 2741 acture
1693 2710 1727 2747 S,

192 2760 339 2789 acturae
363 2758 389 2789 P
476 2762 519 2789 44
542 2759 654 2790 omnis
678 2769 717 2789 ex
742 2759 843 2790 Vind.
933 2764 974 2791 45
998 2769 1082 2792 nam
1105 2761 1141 2799 Ο,
1168 2770 1278 2791 erasus
1302 2761 1337 2798 P,
1358 2761 1395 2791 hi
1417 2759 1519 2791 Vind.
1539 2758 1602 2799 ΨΡ
1689 2764 1731 2792 49

192 2809 312 2841 Media
331 2809 393 2848 Ps,
413 2809 524 2841 'reclia
546 2808 593 2848 Ψ,
619 2811 727 2842 Taedi
749 2810 852 2843 Vind.
946 2815 987 2843 50
1011 2813 1121 2851 Hispo
1144 2810 1182 2842 Ψ
1206 2814 1241 2842 et
1258 2812 1302 2850 (is
1326 2812 1360 2842 in
1385 2812 1465 2850 ras.)
1489 2811 1524 2850 P,
1553 2812 1669 2852 Hippo
1694 2813 1729 2852 S,

193 2861 328 2901 Hisppo
345 2860 447 2892 Vind.
