1947 3145
768 100 1001 141 SATVRA
1038 99 1086 139 ΙΙ
1668 97 1692 136 9

296 217 497 258 nouimus
521 222 598 258 aut
623 216 712 256 ullo
737 217 926 270 strepitu
950 215 1041 256 fora
1065 218 1211 256 uestra
1234 214 1490 254 monemus?

294 293 521 334 luctantur
544 304 712 346 paucae,
737 291 966 332 comedunt
990 290 1192 345 colyphia
1215 301 1381 343 paucae.

295 381 369 408 uos
392 367 536 408 lanam
561 366 735 408 trahitis
759 366 1028 420 calathisque
1051 369 1224 419 peracta
1248 363 1418 404 refertis

182 453 221 484 55
291 442 461 491 uellera,
486 455 563 482 uos
587 442 709 482 tenui
735 446 1040 496 praegnantem
1064 441 1248 481 stamine
1272 438 1415 479 fusum

294 516 505 570 Penelope
529 516 692 565 melius,
717 517 855 557 leuius
881 517 1091 570 torquetis
1115 515 1327 563 Arachne,

292 592 467 634 horrida
492 591 615 646 quale
640 591 745 631 facit
769 591 957 632 residens
981 591 1027 631 in
1052 590 1195 631 codice
1220 589 1380 643 paelex.

293 672 448 708 notum
473 670 539 707 est
563 680 638 707 cur
663 666 750 707 solo
776 666 945 707 tabulas
970 666 1204 720 inpleuerit
1228 665 1381 706 Hister

294 742 461 791 liberto,
485 742 651 783 dederit
677 742 807 783 uiuus
830 755 905 782 cur
929 741 1069 782 multa
1093 740 1270 795 puellae.

180 827 220 858 60
289 817 412 858 diues
435 817 519 858 erit
543 831 698 872 magno
723 830 831 871 quae
855 817 1014 857 dormit
1040 816 1169 857 tertia
1193 815 1312 856 lecto.

292 897 342 933 tu
366 892 479 933 nube
503 896 632 946 atque
657 896 773 933 tace:
810 892 972 932 donant
996 905 1151 932 arcana
1175 890 1401 944 cylindros.

294 968 345 1008 de
369 968 493 1008 nobis
517 973 615 1022 post
639 968 742 1008 haec
767 968 906 1009 tristis
931 967 1148 1008 sententia
1172 966 1339 1007 fertur?

293 1043 369 1084 dat
393 1044 566 1084 ueniam
590 1044 740 1093 coruis,
764 1048 892 1084 uexat
915 1057 1090 1083 censura
1113 1042 1354 1083 columbas?

359 1119 565 1174 sugerunt
590 1119 747 1173 trepidi
772 1132 873 1159 uera
897 1132 945 1159 ac
969 1118 1197 1158 manifesta
1221 1122 1445 1158 canentem

181 1205 220 1235 65
292 1194 528 1244 Stoicidae3
565 1194 669 1248 quid
693 1194 808 1234 enim
833 1193 931 1234 falsi
956 1193 1167 1234 Laronia?
1236 1193 1307 1234 sed
1333 1191 1437 1246 quid

292 1282 378 1309 non
402 1268 560 1310 facient
584 1269 672 1317 alii,
696 1283 793 1309 cum
818 1274 867 1309 tu
891 1268 1088 1309 multicia
1112 1282 1264 1317 sumaS‚

295 1344 472 1393 Cretice‚
495 1349 539 1386 et
564 1345 675 1385 hanc
699 1348 861 1385 uestem
886 1344 1044 1398 populo
1068 1344 1254 1384 mirante
1278 1355 1446 1396 perores

294 1419 340 1459 in
365 1419 570 1460 Proculas
593 1427 637 1460 et
662 1419 897 1460 Pollittas?
966 1423 1030 1459 est
1055 1418 1230 1459 moecha
1256 1417 1451 1466 Fabulla,

293 1495 534 1544 damnetur,
558 1495 594 1536 si
619 1495 698 1544 uis,
722 1495 853 1535 etiam
880 1494 1092 1535 Carfinia:
1127 1494 1258 1534 talem

183 1579 222 1612 7ο
292 1584 379 1611 non
404 1576 544 1612 sumet
569 1571 773 1611 damnata
798 1574 952 1625 togam.
1023 1575 1031 1589 ‘
1053 1569 1125 1611 sed
1152 1569 1291 1610 Iulius
1314 1569 1447 1618 ardet,

294 1645 464 1687 aestuo?
534 1646 675 1687 nudus
699 1659 825 1700 agas:
860 1646 1004 1686 minus
1029 1649 1093 1686 est
1117 1645 1285 1685 insania
1309 1643 1458 1698 turpis.

294 1734 347 1762 en
371 1721 571 1763 habitum
596 1734 678 1775 quo
703 1725 745 1761 te
770 1720 883 1775 leges
907 1734 955 1760 ac
979 1721 1072 1760 iura
1096 1720 1306 1760 ferentem

292 1797 542 1838 uulneribus
566 1796 708 1837 crudis
731 1795 917 1849 populus
942 1795 1066 1836 modo
1091 1795 1230 1835 uictor
1255 1799 1297 1835 et
1322 1794 1432 1834 illud

293 1877 551 1913 montanum
575 1871 726 1926 positis
750 1871 917 1911 audiret
941 1870 1098 1925 uulgus
1123 1870 1288 1910 aratris.

182 1957 222 1990 75
292 1947 397 2002 quid
420 1961 507 1988 non
532 1947 776 2001 proclames,
801 1945 847 1985 in
872 1958 1044 1999 corpore
1069 1945 1225 1985 iudicis
1249 1944 1333 1985 ista

294 2022 330 2063 si
355 2022 532 2063 uideas?
601 2034 757 2075 quaero
781 2034 835 2061 an
861 2020 1037 2061 deceant
1061 2019 1260 2060 multicia
1284 2023 1449 2060 testem.

293 2111 388 2138 acer
412 2101 456 2138 et
480 2097 719 2138 indomitus
743 2096 1042 2149 libertatisque
1066 2095 1280 2149 magister,

296 2173 473 2222 Cretice‚
497 2173 701 2227 perluces.
772 2172 892 2212 dedit
917 2171 1029 2211 hanc
1053 2171 1250 2226 contagio
1274 2170 1415 2211 labem

295 2255 339 2289 et
363 2248 484 2289 dabit
508 2249 554 2288 in
578 2247 730 2302 plures,
755 2247 869 2288 sicut
893 2261 994 2302 grex
1020 2251 1138 2287 totus
1163 2246 1208 2286 in
1232 2246 1348 2301 agris

224 2410 265 2438 57
289 2414 431 2447 agnosco
455 2404 626 2445 Antiopen
650 2403 843 2442 scaenicam,
872 2413 972 2444 quam
1003 2413 1093 2434 coma
1109 2404 1277 2443 promissa
1303 2403 1435 2442 impexa
1461 2402 1699 2443 conglomerata

157 2462 255 2499 atque
277 2457 419 2489 horrida
448 2455 608 2487 describit
638 2458 737 2487 uetus
767 2458 865 2496 pocta
888 2453 977 2496 apud
1009 2454 1112 2486 schol.
1140 2453 1243 2486 Persii
1268 2462 1281 2485 1
1306 2454 1356 2494 77,
1386 2455 1499 2494 pensis
1529 2456 1699 2485 oneratam

159 2510 291 2551 iniquis
316 2519 336 2540 a
358 2508 457 2541 Dirce
480 2507 636 2549 zelotypa
658 2509 915 2548 catenat-‘imque
943 2506 1135 2547 Propertius
1160 2515 1205 2538 111
1231 2507 1270 2538 15
1296 2508 1335 2537 15
1363 2510 1397 2539 et
1421 2508 1461 2537 20
1571 2509 1698 2538 60-106

159 2572 224 2593 om.
245 2560 363 2601 vind„
383 2560 498 2602 itaque
521 2559 611 2591 intra
635 2559 696 2590 hos
719 2568 835 2589 uersus
857 2557 1005 2588 adferam
1028 2557 1188 2589 lectiones
1211 2557 1334 2589 codicis
1358 2557 1527 2589 Francisci
1548 2556 1699 2589 Danielis

159 2623 243 2655 quas
274 2612 429 2645 enotauit
458 2612 497 2644 R.
534 2611 657 2642 Beerus
688 2610 794 2652 spicil.
831 2609 905 2641 qu.
940 2619 972 2651 p.
1008 2611 1048 2641 36
1149 2614 1189 2642 60
1225 2611 1296 2642 eris
1334 2613 1368 2642 et
1405 2611 1537 2642 dormis
1572 2609 1698 2641 Probus

160 2664 280 2696 Vallae
368 2668 410 2697 68
439 2664 586 2704 penitas
617 2663 653 2701 P,
684 2663 842 2702 pollutas
872 2662 913 2700 Π,
945 2662 1103 2701 pollucas
1133 2663 1169 2700 L,
1203 2663 1377 2701 polliueas
1407 2662 1574 2693 similiaue
1603 2660 1641 2692 Ψ

203 2716 341 2748 fabuna
356 2716 408 2749 Ps
431 2714 518 2746 Dan.
540 2714 624 2745 Brit.
644 2715 683 2744 15
702 2713 728 2744 B
745 2721 811 2752 ΧΠ,
831 2713 967 2744 labulla
982 2710 1028 2752 Ψ,
1050 2711 1164 2744 eadem
1181 2713 1327 2744 uarietas
1343 2713 1444 2745 Mart.
1464 2722 1504 2744 XI
1522 2714 1562 2744 24
1581 2713 1599 2743 4
1616 2714 1651 2743 et
1666 2713 1695 2751 9,

161 2777 218 2800 ΧΠ
235 2769 276 2800 93
293 2770 313 2799 2
389 2766 547 2799 uersiculi
559 2766 648 2798 inter
661 2770 701 2797 68
715 2768 749 2796 et
761 2769 802 2797 69
816 2765 933 2796 extriti
945 2763 1103 2806 reliquias
1119 2775 1266 2796 seruasse
1278 2764 1414 2797 uidetur
1430 2764 1468 2804 Σ,
1485 2766 1528 2796 de
1548 2766 1698 2796 centum

160 2830 252 2860 una,
278 2819 318 2851 de
340 2819 565 2851 meretricibus
653 2822 693 2849 69
720 2816 887 2857 Carfania
910 2815 1074 2856 Cuiacius‚
1105 2817 1272 2857 Carsania
1298 2817 1546 2858 improbissima
1563 2815 1701 2856 femina

161 2871 328 2913 leianus
345 2870 412 2912 dig.
433 2879 478 2902 111
498 2873 514 2902 1
534 2872 550 2901 1
570 2871 588 2902 5
