1947 3145
229 108 251 146 1
263 108 284 146 1
295 107 319 149 8
823 106 1150 147 IVVENALIS

359 238 583 275 summam,
607 239 736 280 quam
760 225 934 279 patulae
962 225 1038 265 uix
1061 228 1229 278 ceperat
1253 224 1435 278 angulus
1459 224 1609 264 arcae?

248 309 288 341 75
358 304 448 340 tam
473 300 595 341 facile
619 305 662 341 et
685 313 867 354 pronum
891 303 955 340 est
980 312 1151 352 superos
1175 303 1443 339 contemnere
1467 302 1609 346 testes,

359 375 394 415 si
418 375 610 416 mortalis
634 375 746 415 idem
770 387 893 414 nemo
918 373 1036 414 sciat.
1107 373 1247 427 aspice
1271 377 1432 427 quanta

359 462 459 490 uoce
484 454 619 504 neget,
644 461 751 502 quae
776 449 832 488 sit
856 448 945 489 ficti
969 448 1209 488 constantia
1234 449 1392 489 uultus.

356 537 430 578 per
454 524 564 565 Solis
588 523 725 564 radios
751 523 1014 577 Tarpeiaque
1039 523 1221 563 fulmina
1245 523 1362 563 iurat

359 603 402 639 et
426 599 582 639 Martis
606 599 813 639 frameam
836 602 880 639 et
907 598 1096 639 Cirrhaei
1120 597 1282 652 spicula
1305 598 1431 647 uatis,

247 683 287 714 80
356 687 431 727 per
455 674 639 714 calamos
663 674 894 714 uenatricis
917 673 1249 727 pharetramque
1273 673 1438 727 puellae

358 760 511 801 perque
537 752 674 797 tuum,
697 752 820 801 pater
842 748 1000 803 Aegaei
1025 749 1240 802 Neptune,
1266 748 1508 796 tridentem,

358 822 479 863 addit
503 828 547 864 et
571 823 800 864 Herculeos
824 837 947 864 arcus
970 823 1224 877 hastamque
1248 823 1483 871 Mineruae,

358 897 572 951 quidquid
597 899 757 939 habent
782 898 965 939 telorum
990 898 1324 939 armamentaria
1347 898 1464 939 caeli.

359 972 394 1013 si
419 985 518 1013 uero
542 978 585 1014 et
608 978 731 1027 pater
755 979 821 1015 est
844 979 852 994 ‘
869 974 1085 1015 comedam
1102 974 1110 989 '
1136 974 1281 1027 inquit
1306 978 1314 993 ‘
1331 973 1470 1014 flebile
1495 972 1588 1014 nati

249 1057 288 1087 85
360 1047 549 1102 sinciput
573 1049 675 1089 elixi
701 1049 937 1103 Pharioque
962 1049 1173 1090 madentis
1198 1048 1339 1089 aceto?

438 1128 541 1165 sunt
564 1125 610 1164 in
634 1124 833 1165 fortunae
857 1125 932 1178 qui
955 1125 1123 1165 casibus
1147 1124 1289 1165 omnia
1313 1129 1479 1177 ponant

359 1205 403 1242 et
427 1199 548 1240 nullo
573 1199 750 1240 credant
774 1199 985 1240 mundum
1010 1204 1169 1241 rectore
1193 1199 1357 1240 moueri

360 1279 519 1316 natura
543 1273 746 1315 uoluente
770 1274 884 1315 uices
908 1279 951 1315 et
975 1274 1083 1315 lucis
1106 1278 1149 1315 et
1173 1274 1288 1322 anni,

359 1354 488 1404 atque
512 1349 606 1390 ideo
630 1349 836 1403 intrepidi
860 1362 1155 1404 quaecumque
1179 1349 1331 1390 altaria
1356 1354 1556 1403 tangunt.

250 1437 290 1467 90
361 1425 444 1479 [est
468 1425 577 1466 alius
601 1429 795 1465 metuens
819 1438 870 1465 ne
895 1425 1054 1465 crimen
1078 1437 1213 1478 poena
1233 1424 1464 1478 sequatur]

361 1501 429 1541 hic
452 1504 579 1554 putat
603 1512 689 1540 esse
714 1499 812 1540 deos
836 1504 879 1540 et
903 1499 1079 1553 peierat,
1103 1503 1231 1553 atque
1255 1499 1317 1539 ita
1342 1512 1507 1539 secum:

362 1580 370 1595 ‘
385 1575 581 1616 decernat
606 1574 902 1628 quodcumque
927 1574 1043 1615 uolet
1068 1574 1118 1614 de
1141 1587 1310 1628 corpore
1334 1579 1479 1615 nostro

365 1651 446 1692 Isis
471 1655 514 1691 et
538 1650 649 1691 irato
675 1650 799 1691 feriat
824 1662 917 1689 mea
942 1649 1107 1689 lumina
1132 1649 1267 1698 sistro,

363 1725 594 1766 dummodo
618 1724 689 1765 uel
712 1737 859 1765 caecus
884 1729 1053 1765 teneam
1079 1738 1183 1778 quos
1207 1724 1369 1778 abnego
1394 1737 1600 1764 nummos.

253 1812 293 1843 95
362 1805 405 1842 et
428 1800 584 1854 pthisis
608 1804 651 1840 et
676 1800 866 1840 uomicae
888 1804 1034 1853 putres
1058 1803 1101 1840 et
1125 1799 1356 1839 dimidium
1382 1812 1476 1839 crus

365 1880 466 1917 sunt
491 1875 616 1916 tanti.
684 1887 848 1928 pauper
872 1874 1127 1928 locupletem
1151 1879 1299 1928 optare
1323 1873 1556 1928 podagram

365 1964 442 1992 nec
465 1950 637 1991 dubitet
661 1949 809 1998 Ladas,
833 1949 868 1990 si
893 1963 978 1989 non
1002 1954 1098 2004 eget
1121 1949 1331 2003 Anticyra
1355 1962 1431 1989 nec

365 2026 633 2080 Archigene3
669 2024 772 2078 quid
796 2024 911 2065 enim
937 2024 1093 2065 uelocis
1118 2024 1249 2079 gloria
1273 2023 1446 2077 plantae

366 2105 555 2154 praestat
580 2104 623 2140 et
647 2100 835 2140 esuriens
860 2100 1031 2140 Pisaeae
1057 2113 1203 2139 ramus
1227 2099 1398 2139 oliuae?

234 2185 295 2217 100
365 2180 415 2216 ut
439 2176 496 2216 sit
520 2188 688 2229 magna,
713 2179 858 2215 tamen
880 2178 992 2215 certe
1018 2174 1135 2214 lenta
1160 2174 1223 2214 ira
1246 2173 1418 2214 deorum
1442 2178 1531 2224 est3

366 2251 402 2291 si
426 2255 579 2291 curant
603 2250 738 2305 igitur
760 2255 934 2290 cunctos
959 2249 1111 2303 punire
1136 2254 1335 2290 nocentes

367 2325 535 2379 quando
559 2325 613 2365 ad
637 2338 705 2365 me
729 2325 938 2366 uenient?
1008 2325 1080 2365 sed
1103 2329 1146 2365 et
1171 2324 1382 2365 exorabile
1405 2337 1565 2365 numen

368 2400 546 2441 fortasse
569 2401 786 2454 experiar3
822 2400 928 2441 solet
952 2399 1019 2440 his
1042 2400 1267 2454 ignoscere.
1338 2400 1467 2440 multi

368 2475 650 2516 committunt
675 2475 821 2516 eadem
846 2475 1010 2516 diuerso
1034 2475 1215 2515 crimina
1240 2475 1354 2515 fato:

236 2562 299 2593 105
368 2550 441 2591 ille
465 2563 628 2591 crucem
654 2551 818 2591 sceleris
842 2551 1027 2604 pretium
1052 2550 1169 2599 tulit,
1195 2550 1266 2591 hic
1290 2549 1510 2591 diadema?

300 2722 341 2750 86
363 2719 402 2750 in
417 2718 511 2754 SGU,
530 2727 594 2748 om.
615 2717 652 2755 P,
671 2718 732 2757 qui
748 2717 785 2748 in
801 2715 838 2748 Ψ
926 2718 986 2758 qui
1005 2717 1134 2756 PAGU,
1155 2717 1228 2749 iam
1243 2717 1354 2749 PLO'I'
1442 2719 1483 2747 90
1499 2713 1563 2746 del.
1585 2712 1726 2744 Iahnius

279 2774 320 2802 95
343 2770 474 2810 pthisis
497 2769 535 2807 G,
555 2769 662 2808 ptisis
682 2769 746 2806 Lo,
767 2769 871 2799 thisis
888 2769 1016 2807 PATU,
1037 2769 1149 2808 phisis
1173 2769 1199 2800 P
1287 2772 1327 2799 97
1349 2766 1441 2808 prius
1463 2775 1527 2798 nec
1549 2766 1698 2803 PSAL'I',
1725 2772 1771 2796 ne

235 2821 352 2854 PGOU
439 2821 541 2852 ladas
564 2820 654 2858 PSG,
675 2820 802 2851 laudas
825 2818 871 2857 Ψ,
893 2820 1017 2851 laudes
1041 2821 1066 2851 F
1154 2823 1216 2851 105
1240 2819 1382 2851 sceleris
1405 2818 1560 2858 pretium
1582 2816 1765 2854 PSAPGU,

236 2874 392 2913 pretium
413 2872 555 2904 sceleris
571 2871 656 2904 Ι..οΤ
