<?xml version="1.0" encoding="UTF-8"?>
<!DOCTYPE html PUBLIC "-//W3C//DTD XHTML 1.0 Transitional//EN"
    "http://www.w3.org/TR/xhtml1/DTD/xhtml1-transitional.dtd">
<html xmlns="http://www.w3.org/1999/xhtml" xml:lang="en" lang="en">
 <head>
  <title>
</title>
<meta http-equiv="Content-Type" content="text/html;charset=utf-8" />
  <meta name='ocr-system' content='tesseract 3.04.00' />
  <meta name='ocr-capabilities' content='ocr_page ocr_carea ocr_par ocr_line ocrx_word'/>
</head>
<body>
  <div class='ocr_page' id='page_1' title='image "./saturaeeditorumi00juveuoft_0103.png"; bbox 0 0 1947 3145; ppageno 0'>
   <div class='ocr_carea' id='block_1_1' title="bbox 707 91 1633 133">
    <p class='ocr_par' dir='ltr' id='par_1_1' title="bbox 707 91 1633 133">
     <span class='ocr_line' id='line_1_1' title="bbox 707 91 1633 133; baseline -0.002 0"><span class='ocrx_word' id='word_1_1' title='bbox 707 91 941 133; x_wconf 86' lang='lat' dir='ltr'><strong>SATVRA</strong></span> <span class='ocrx_word' id='word_1_2' title='bbox 976 91 1042 132; x_wconf 85' lang='lat' dir='ltr'>VI</span> <span class='ocrx_word' id='word_1_3' title='bbox 1577 93 1600 131; x_wconf 90' lang='lat'><strong>6</strong></span> <span class='ocrx_word' id='word_1_4' title='bbox 1611 92 1633 131; x_wconf 88' lang='lat'>1</span> 
     </span>
    </p>
   </div>
   <div class='ocr_carea' id='block_1_2' title="bbox 96 209 1539 2147">
    <p class='ocr_par' dir='ltr' id='par_1_2' title="bbox 233 209 1367 491">
     <span class='ocr_line' id='line_1_2' title="bbox 233 209 1178 264; baseline -0.002 -13"><span class='ocrx_word' id='word_1_5' title='bbox 233 210 370 252; x_wconf 88' lang='lat' dir='ltr'>liuida</span> <span class='ocrx_word' id='word_1_6' title='bbox 393 214 588 251; x_wconf 90' lang='lat' dir='ltr'>materno</span> <span class='ocrx_word' id='word_1_7' title='bbox 612 210 781 250; x_wconf 81' lang='lat' dir='ltr'>seruent</span> <span class='ocrx_word' id='word_1_8' title='bbox 805 209 981 264; x_wconf 84' lang='lat' dir='ltr'>adipata</span> <span class='ocrx_word' id='word_1_9' title='bbox 1005 222 1178 250; x_wconf 90' lang='lat' dir='ltr'>ueneno.</span> 
     </span>
     <span class='ocr_line' id='line_1_3' title="bbox 233 283 1334 339; baseline -0.003 -12"><span class='ocrx_word' id='word_1_10' title='bbox 233 286 426 327; x_wconf 86' lang='lat' dir='ltr'>mordeat</span> <span class='ocrx_word' id='word_1_11' title='bbox 450 290 549 327; x_wconf 90' lang='lat' dir='ltr'>ante</span> <span class='ocrx_word' id='word_1_12' title='bbox 573 285 729 339; x_wconf 89' lang='lat' dir='ltr'>aliquis</span> <span class='ocrx_word' id='word_1_13' title='bbox 754 285 969 339; x_wconf 90' lang='lat' dir='ltr'>quidquid</span> <span class='ocrx_word' id='word_1_14' title='bbox 992 285 1232 339; x_wconf 75' lang='lat' dir='ltr'>porrexerit</span> <span class='ocrx_word' id='word_1_15' title='bbox 1257 283 1334 324; x_wconf 92' lang='lat' dir='ltr'>illa</span> 
     </span>
     <span class='ocr_line' id='line_1_4' title="bbox 233 360 1363 416; baseline -0.002 -14"><span class='ocrx_word' id='word_1_16' title='bbox 233 375 341 416; x_wconf 88' lang='lat' dir='ltr'>quae</span> <span class='ocrx_word' id='word_1_17' title='bbox 364 361 543 416; x_wconf 90' lang='lat' dir='ltr'>peperit,</span> <span class='ocrx_word' id='word_1_18' title='bbox 568 361 746 402; x_wconf 92' lang='lat' dir='ltr'>timidus</span> <span class='ocrx_word' id='word_1_19' title='bbox 771 365 1019 416; x_wconf 72' lang='lat' dir='ltr'>praegustet,</span> <span class='ocrx_word' id='word_1_20' title='bbox 1042 360 1196 415; x_wconf 89' lang='lat' dir='ltr'>pocula</span> <span class='ocrx_word' id='word_1_21' title='bbox 1219 373 1363 414; x_wconf 82' lang='lat' dir='ltr'>papas.</span> 
     </span>
     <span class='ocr_line' id='line_1_5' title="bbox 234 436 1367 491; baseline -0.003 -14"><span class='ocrx_word' id='word_1_22' title='bbox 234 437 437 491; x_wconf 88' lang='lat' dir='ltr'>fingimus</span> <span class='ocrx_word' id='word_1_23' title='bbox 461 437 564 476; x_wconf 86' lang='lat' dir='ltr'>haec</span> <span class='ocrx_word' id='word_1_24' title='bbox 587 436 725 476; x_wconf 89' lang='lat' dir='ltr'>altum</span> <span class='ocrx_word' id='word_1_25' title='bbox 751 441 895 476; x_wconf 87' lang='lat' dir='ltr'>satura</span> <span class='ocrx_word' id='word_1_26' title='bbox 919 440 1116 477; x_wconf 92' lang='lat' dir='ltr'>sumente</span> <span class='ocrx_word' id='word_1_27' title='bbox 1140 440 1367 476; x_wconf 88' lang='lat' dir='ltr'>coturnum</span> 
     </span>
    </p>

    <p class='ocr_par' dir='ltr' id='par_1_3' title="bbox 98 511 1311 866">
     <span class='ocr_line' id='line_1_6' title="bbox 98 511 1267 566; baseline -0.003 -12"><span class='ocrx_word' id='word_1_28' title='bbox 98 523 160 554; x_wconf 86' lang='lat'>635</span> <span class='ocrx_word' id='word_1_29' title='bbox 231 512 406 561; x_wconf 87' lang='lat' dir='ltr'>scilicet,</span> <span class='ocrx_word' id='word_1_30' title='bbox 430 516 474 553; x_wconf 90' lang='lat' dir='ltr'>et</span> <span class='ocrx_word' id='word_1_31' title='bbox 498 512 627 552; x_wconf 88' lang='lat' dir='ltr'>finem</span> <span class='ocrx_word' id='word_1_32' title='bbox 652 512 806 566; x_wconf 82' lang='lat' dir='ltr'>egressi</span> <span class='ocrx_word' id='word_1_33' title='bbox 830 511 1051 566; x_wconf 82' lang='lat' dir='ltr'>legemque</span> <span class='ocrx_word' id='word_1_34' title='bbox 1075 511 1267 566; x_wconf 82' lang='lat' dir='ltr'>priorum</span> 
     </span>
     <span class='ocr_line' id='line_1_7' title="bbox 232 586 1278 642; baseline -0.001 -14"><span class='ocrx_word' id='word_1_35' title='bbox 232 587 390 642; x_wconf 82' lang='lat' dir='ltr'>grande</span> <span class='ocrx_word' id='word_1_36' title='bbox 414 586 644 640; x_wconf 84' lang='lat' dir='ltr'>Sophocleo</span> <span class='ocrx_word' id='word_1_37' title='bbox 669 600 838 627; x_wconf 89' lang='lat' dir='ltr'>carmen</span> <span class='ocrx_word' id='word_1_38' title='bbox 861 587 1118 627; x_wconf 78' lang='lat' dir='ltr'>bacchamur</span> <span class='ocrx_word' id='word_1_39' title='bbox 1141 586 1278 634; x_wconf 72' lang='lat' dir='ltr'>hiatu,</span> 
     </span>
     <span class='ocr_line' id='line_1_8' title="bbox 232 661 1311 716; baseline -0.002 -13"><span class='ocrx_word' id='word_1_40' title='bbox 232 662 454 703; x_wconf 90' lang='lat' dir='ltr'>montibus</span> <span class='ocrx_word' id='word_1_41' title='bbox 478 661 678 716; x_wconf 89' lang='lat' dir='ltr'>ignotum</span> <span class='ocrx_word' id='word_1_42' title='bbox 703 661 877 702; x_wconf 86' lang='lat' dir='ltr'>Rutulis</span> <span class='ocrx_word' id='word_1_43' title='bbox 902 661 1100 716; x_wconf 87' lang='lat' dir='ltr'>caeloque</span> <span class='ocrx_word' id='word_1_44' title='bbox 1124 661 1311 702; x_wconf 77' lang='lat' dir='ltr'>Latino?</span> 
     </span>
     <span class='ocr_line' id='line_1_9' title="bbox 232 736 1289 784; baseline -0.002 -6"><span class='ocrx_word' id='word_1_45' title='bbox 232 751 309 778; x_wconf 83' lang='lat' dir='ltr'>nos</span> <span class='ocrx_word' id='word_1_46' title='bbox 332 737 501 778; x_wconf 88' lang='lat' dir='ltr'>utinam</span> <span class='ocrx_word' id='word_1_47' title='bbox 526 737 639 776; x_wconf 90' lang='lat' dir='ltr'>uani.</span> <span class='ocrx_word' id='word_1_48' title='bbox 710 736 782 776; x_wconf 88' lang='lat' dir='ltr'>sed</span> <span class='ocrx_word' id='word_1_49' title='bbox 806 736 964 777; x_wconf 88' lang='lat' dir='ltr'>clamat</span> <span class='ocrx_word' id='word_1_50' title='bbox 988 736 1146 777; x_wconf 87' lang='lat' dir='ltr'>Pontia</span> <span class='ocrx_word' id='word_1_51' title='bbox 1171 740 1180 756; x_wconf 88' lang='lat'>‘</span> <span class='ocrx_word' id='word_1_52' title='bbox 1197 736 1289 784; x_wconf 85' lang='lat' dir='ltr'>feci,</span> 
     </span>
     <span class='ocr_line' id='line_1_10' title="bbox 231 811 1206 866; baseline -0.002 -12"><span class='ocrx_word' id='word_1_53' title='bbox 231 813 444 861; x_wconf 87' lang='lat' dir='ltr'>confiteor,</span> <span class='ocrx_word' id='word_1_54' title='bbox 468 812 695 866; x_wconf 87' lang='lat' dir='ltr'>puerisque</span> <span class='ocrx_word' id='word_1_55' title='bbox 720 812 828 852; x_wconf 87' lang='lat' dir='ltr'>meis</span> <span class='ocrx_word' id='word_1_56' title='bbox 852 811 1021 852; x_wconf 86' lang='lat' dir='ltr'>aconita</span> <span class='ocrx_word' id='word_1_57' title='bbox 1045 812 1206 865; x_wconf 89' lang='lat' dir='ltr'>paraui,</span> 
     </span>
    </p>

    <p class='ocr_par' dir='ltr' id='par_1_4' title="bbox 98 887 1457 1238">
     <span class='ocr_line' id='line_1_11' title="bbox 98 887 1457 943; baseline -0.001 -13"><span class='ocrx_word' id='word_1_58' title='bbox 98 899 160 930; x_wconf 85' lang='lat'>640</span> <span class='ocrx_word' id='word_1_59' title='bbox 231 902 341 942; x_wconf 89' lang='lat' dir='ltr'>quae</span> <span class='ocrx_word' id='word_1_60' title='bbox 365 887 572 942; x_wconf 89' lang='lat' dir='ltr'>deprensa</span> <span class='ocrx_word' id='word_1_61' title='bbox 597 892 773 941; x_wconf 85' lang='lat' dir='ltr'>patent:</span> <span class='ocrx_word' id='word_1_62' title='bbox 809 888 977 928; x_wconf 85' lang='lat' dir='ltr'>facinus</span> <span class='ocrx_word' id='word_1_63' title='bbox 1002 892 1147 928; x_wconf 88' lang='lat' dir='ltr'>tamen</span> <span class='ocrx_word' id='word_1_64' title='bbox 1172 888 1264 941; x_wconf 88' lang='lat' dir='ltr'>ipsa</span> <span class='ocrx_word' id='word_1_65' title='bbox 1289 887 1457 943; x_wconf 58' lang='lat' dir='ltr'>peregi?</span> 
     </span>
     <span class='ocr_line' id='line_1_12' title="bbox 233 963 1204 1016; baseline -0.003 -11"><span class='ocrx_word' id='word_1_66' title='bbox 233 968 339 1005; x_wconf 90' lang='lat' dir='ltr'>tune</span> <span class='ocrx_word' id='word_1_67' title='bbox 364 963 470 1005; x_wconf 92' lang='lat' dir='ltr'>duos</span> <span class='ocrx_word' id='word_1_68' title='bbox 493 977 591 1012; x_wconf 88' lang='lat' dir='ltr'>una,</span> <span class='ocrx_word' id='word_1_69' title='bbox 614 963 860 1004; x_wconf 82' lang='lat' dir='ltr'>saeuissima</span> <span class='ocrx_word' id='word_1_70' title='bbox 887 963 1045 1016; x_wconf 89' lang='lat' dir='ltr'>uipera,</span> <span class='ocrx_word' id='word_1_71' title='bbox 1070 965 1204 1003; x_wconf 72' lang='lat' dir='ltr'>cena?</span> 
     </span>
     <span class='ocr_line' id='line_1_13' title="bbox 232 1037 1378 1091; baseline -0.002 -11"><span class='ocrx_word' id='word_1_72' title='bbox 232 1045 335 1080; x_wconf 92' lang='lat' dir='ltr'>tune</span> <span class='ocrx_word' id='word_1_73' title='bbox 358 1038 494 1079; x_wconf 71' lang='lat' dir='ltr'>duos?</span> <span class='ocrx_word' id='word_1_74' title='bbox 563 1042 572 1058; x_wconf 90' lang='lat'>‘</span> <span class='ocrx_word' id='word_1_75' title='bbox 587 1042 763 1091; x_wconf 87' lang='lat' dir='ltr'>septem,</span> <span class='ocrx_word' id='word_1_76' title='bbox 788 1038 824 1078; x_wconf 85' lang='lat' dir='ltr'>si</span> <span class='ocrx_word' id='word_1_77' title='bbox 848 1042 1011 1091; x_wconf 88' lang='lat' dir='ltr'>septem</span> <span class='ocrx_word' id='word_1_78' title='bbox 1037 1037 1147 1078; x_wconf 84' lang='lat' dir='ltr'>forte</span> <span class='ocrx_word' id='word_1_79' title='bbox 1172 1037 1378 1078; x_wconf 63' lang='lat' dir='ltr'>fuissent?</span> 
     </span>
     <span class='ocr_line' id='line_1_14' title="bbox 231 1111 1336 1168; baseline -0.003 -13"><span class='ocrx_word' id='word_1_80' title='bbox 231 1114 451 1155; x_wconf 82' lang='lat' dir='ltr'>credamus</span> <span class='ocrx_word' id='word_1_81' title='bbox 475 1113 648 1168; x_wconf 87' lang='lat' dir='ltr'>tragicis</span> <span class='ocrx_word' id='word_1_82' title='bbox 673 1112 884 1166; x_wconf 86' lang='lat' dir='ltr'>quidquid</span> <span class='ocrx_word' id='word_1_83' title='bbox 908 1111 959 1152; x_wconf 90' lang='lat' dir='ltr'>de</span> <span class='ocrx_word' id='word_1_84' title='bbox 985 1111 1185 1153; x_wconf 90' lang='lat' dir='ltr'>Colchide</span> <span class='ocrx_word' id='word_1_85' title='bbox 1211 1117 1336 1154; x_wconf 90' lang='lat' dir='ltr'>torua</span> 
     </span>
     <span class='ocr_line' id='line_1_15' title="bbox 231 1188 1340 1238; baseline -0.002 -7"><span class='ocrx_word' id='word_1_86' title='bbox 231 1190 391 1231; x_wconf 89' lang='lat' dir='ltr'>dicitur</span> <span class='ocrx_word' id='word_1_87' title='bbox 414 1194 458 1230; x_wconf 90' lang='lat' dir='ltr'>et</span> <span class='ocrx_word' id='word_1_88' title='bbox 483 1189 671 1238; x_wconf 78' lang='lat' dir='ltr'>Procne3</span> <span class='ocrx_word' id='word_1_89' title='bbox 707 1188 769 1228; x_wconf 87' lang='lat' dir='ltr'>nil</span> <span class='ocrx_word' id='word_1_90' title='bbox 794 1193 940 1228; x_wconf 87' lang='lat' dir='ltr'>contra</span> <span class='ocrx_word' id='word_1_91' title='bbox 965 1201 1101 1228; x_wconf 82' lang='lat' dir='ltr'>conor.</span> <span class='ocrx_word' id='word_1_92' title='bbox 1173 1192 1215 1228; x_wconf 90' lang='lat' dir='ltr'>et</span> <span class='ocrx_word' id='word_1_93' title='bbox 1239 1188 1340 1229; x_wconf 86' lang='lat' dir='ltr'>illae</span> 
     </span>
    </p>

    <p class='ocr_par' dir='ltr' id='par_1_5' title="bbox 96 1263 1410 1622">
     <span class='ocr_line' id='line_1_16' title="bbox 96 1263 1378 1321; baseline -0.002 -13"><span class='ocrx_word' id='word_1_94' title='bbox 96 1276 158 1308; x_wconf 85' lang='lat'>645</span> <span class='ocrx_word' id='word_1_95' title='bbox 229 1265 409 1321; x_wconf 88' lang='lat' dir='ltr'>grandia</span> <span class='ocrx_word' id='word_1_96' title='bbox 432 1268 623 1305; x_wconf 89' lang='lat' dir='ltr'>monstra</span> <span class='ocrx_word' id='word_1_97' title='bbox 649 1264 735 1304; x_wconf 87' lang='lat' dir='ltr'>suis</span> <span class='ocrx_word' id='word_1_98' title='bbox 760 1263 977 1303; x_wconf 83' lang='lat' dir='ltr'>audebant</span> <span class='ocrx_word' id='word_1_99' title='bbox 1002 1263 1280 1317; x_wconf 84' lang='lat' dir='ltr'>temporibus,</span> <span class='ocrx_word' id='word_1_100' title='bbox 1305 1264 1378 1305; x_wconf 89' lang='lat' dir='ltr'>sed</span> 
     </span>
     <span class='ocr_line' id='line_1_17' title="bbox 230 1338 1410 1394; baseline -0.003 -12"><span class='ocrx_word' id='word_1_101' title='bbox 230 1354 318 1382; x_wconf 92' lang='lat' dir='ltr'>non</span> <span class='ocrx_word' id='word_1_102' title='bbox 340 1344 512 1394; x_wconf 88' lang='lat' dir='ltr'>propter</span> <span class='ocrx_word' id='word_1_103' title='bbox 536 1352 744 1380; x_wconf 88' lang='lat' dir='ltr'>nummos.</span> <span class='ocrx_word' id='word_1_104' title='bbox 815 1338 954 1378; x_wconf 87' lang='lat' dir='ltr'>minor</span> <span class='ocrx_word' id='word_1_105' title='bbox 977 1338 1207 1379; x_wconf 87' lang='lat' dir='ltr'>admiratio</span> <span class='ocrx_word' id='word_1_106' title='bbox 1231 1339 1410 1380; x_wconf 86' lang='lat' dir='ltr'>summis</span> 
     </span>
     <span class='ocr_line' id='line_1_18' title="bbox 231 1414 1316 1468; baseline -0.003 -11"><span class='ocrx_word' id='word_1_107' title='bbox 231 1416 410 1457; x_wconf 88' lang='lat' dir='ltr'>debetur</span> <span class='ocrx_word' id='word_1_108' title='bbox 433 1414 649 1463; x_wconf 86' lang='lat' dir='ltr'>monstris,</span> <span class='ocrx_word' id='word_1_109' title='bbox 674 1414 873 1468; x_wconf 89' lang='lat' dir='ltr'>quotiens</span> <span class='ocrx_word' id='word_1_110' title='bbox 898 1414 1002 1454; x_wconf 83' lang='lat' dir='ltr'>facit</span> <span class='ocrx_word' id='word_1_111' title='bbox 1027 1414 1091 1454; x_wconf 91' lang='lat' dir='ltr'>ira</span> <span class='ocrx_word' id='word_1_112' title='bbox 1115 1418 1316 1454; x_wconf 86' lang='lat' dir='ltr'>nocentes</span> 
     </span>
     <span class='ocr_line' id='line_1_19' title="bbox 231 1488 1368 1532; baseline -0.003 0"><span class='ocrx_word' id='word_1_113' title='bbox 231 1492 347 1532; x_wconf 89' lang='lat' dir='ltr'>hunc</span> <span class='ocrx_word' id='word_1_114' title='bbox 371 1503 520 1531; x_wconf 82' lang='lat' dir='ltr'>sexum</span> <span class='ocrx_word' id='word_1_115' title='bbox 545 1494 588 1530; x_wconf 91' lang='lat' dir='ltr'>et</span> <span class='ocrx_word' id='word_1_116' title='bbox 611 1490 727 1530; x_wconf 87' lang='lat' dir='ltr'>rabie</span> <span class='ocrx_word' id='word_1_117' title='bbox 752 1489 867 1530; x_wconf 89' lang='lat' dir='ltr'>iecur</span> <span class='ocrx_word' id='word_1_118' title='bbox 891 1488 1146 1529; x_wconf 86' lang='lat' dir='ltr'>incendente</span> <span class='ocrx_word' id='word_1_119' title='bbox 1171 1489 1368 1530; x_wconf 84' lang='lat' dir='ltr'>feruntur</span> 
     </span>
     <span class='ocr_line' id='line_1_20' title="bbox 229 1564 1382 1622; baseline -0.003 -14"><span class='ocrx_word' id='word_1_120' title='bbox 229 1566 497 1622; x_wconf 87' lang='lat' dir='ltr'>praecipites,</span> <span class='ocrx_word' id='word_1_121' title='bbox 522 1569 572 1606; x_wconf 92' lang='lat' dir='ltr'>ut</span> <span class='ocrx_word' id='word_1_122' title='bbox 597 1579 699 1606; x_wconf 80' lang='lat' dir='ltr'>saxa</span> <span class='ocrx_word' id='word_1_123' title='bbox 723 1564 837 1619; x_wconf 87' lang='lat' dir='ltr'>iugis</span> <span class='ocrx_word' id='word_1_124' title='bbox 861 1564 1055 1618; x_wconf 90' lang='lat' dir='ltr'>abrupta,</span> <span class='ocrx_word' id='word_1_125' title='bbox 1080 1564 1234 1618; x_wconf 81' lang='lat' dir='ltr'>quibus</span> <span class='ocrx_word' id='word_1_126' title='bbox 1258 1578 1382 1605; x_wconf 89' lang='lat' dir='ltr'>mons</span> 
     </span>
    </p>

    <p class='ocr_par' dir='ltr' id='par_1_6' title="bbox 96 1639 1539 1996">
     <span class='ocr_line' id='line_1_21' title="bbox 96 1639 1316 1694; baseline -0.006 -8"><span class='ocrx_word' id='word_1_127' title='bbox 96 1654 160 1686; x_wconf 88' lang='lat'>650</span> <span class='ocrx_word' id='word_1_128' title='bbox 229 1642 507 1685; x_wconf 89' lang='lat' dir='ltr'>subtrahitur</span> <span class='ocrx_word' id='word_1_129' title='bbox 530 1641 729 1694; x_wconf 85' lang='lat' dir='ltr'>cliuoque</span> <span class='ocrx_word' id='word_1_130' title='bbox 754 1640 869 1680; x_wconf 88' lang='lat' dir='ltr'>latus</span> <span class='ocrx_word' id='word_1_131' title='bbox 893 1639 1108 1694; x_wconf 88' lang='lat' dir='ltr'>pendente</span> <span class='ocrx_word' id='word_1_132' title='bbox 1132 1640 1316 1680; x_wconf 86' lang='lat' dir='ltr'>recedit:</span> 
     </span>
     <span class='ocr_line' id='line_1_22' title="bbox 230 1715 1539 1772; baseline -0.002 -13"><span class='ocrx_word' id='word_1_133' title='bbox 230 1718 352 1759; x_wconf 89' lang='lat' dir='ltr'>illam</span> <span class='ocrx_word' id='word_1_134' title='bbox 376 1730 452 1772; x_wconf 86' lang='lat' dir='ltr'>ego</span> <span class='ocrx_word' id='word_1_135' title='bbox 476 1730 564 1757; x_wconf 92' lang='lat' dir='ltr'>non</span> <span class='ocrx_word' id='word_1_136' title='bbox 590 1716 764 1757; x_wconf 88' lang='lat' dir='ltr'>tulerim</span> <span class='ocrx_word' id='word_1_137' title='bbox 790 1729 897 1769; x_wconf 91' lang='lat' dir='ltr'>quae</span> <span class='ocrx_word' id='word_1_138' title='bbox 922 1719 1132 1768; x_wconf 88' lang='lat' dir='ltr'>conputat</span> <span class='ocrx_word' id='word_1_139' title='bbox 1157 1719 1201 1755; x_wconf 88' lang='lat' dir='ltr'>et</span> <span class='ocrx_word' id='word_1_140' title='bbox 1226 1715 1362 1756; x_wconf 87' lang='lat' dir='ltr'>scelus</span> <span class='ocrx_word' id='word_1_141' title='bbox 1386 1715 1539 1770; x_wconf 89' lang='lat' dir='ltr'>ingens</span> 
     </span>
     <span class='ocr_line' id='line_1_23' title="bbox 232 1790 1307 1845; baseline -0.004 -11"><span class='ocrx_word' id='word_1_142' title='bbox 232 1807 335 1835; x_wconf 88' lang='lat' dir='ltr'>sana</span> <span class='ocrx_word' id='word_1_143' title='bbox 358 1793 472 1833; x_wconf 82' lang='lat' dir='ltr'>facit.</span> <span class='ocrx_word' id='word_1_144' title='bbox 544 1795 740 1845; x_wconf 87' lang='lat' dir='ltr'>spectant</span> <span class='ocrx_word' id='word_1_145' title='bbox 765 1791 1020 1831; x_wconf 90' lang='lat' dir='ltr'>subeuntem</span> <span class='ocrx_word' id='word_1_146' title='bbox 1046 1790 1136 1830; x_wconf 87' lang='lat' dir='ltr'>fata</span> <span class='ocrx_word' id='word_1_147' title='bbox 1163 1790 1307 1831; x_wconf 88' lang='lat' dir='ltr'>mariti</span> 
     </span>
     <span class='ocr_line' id='line_1_24' title="bbox 230 1865 1209 1920; baseline -0.005 -10"><span class='ocrx_word' id='word_1_148' title='bbox 230 1868 441 1910; x_wconf 87' lang='lat' dir='ltr'>Alcestim</span> <span class='ocrx_word' id='word_1_149' title='bbox 466 1871 521 1916; x_wconf 89' lang='lat' dir='ltr'>et,</span> <span class='ocrx_word' id='word_1_150' title='bbox 546 1867 700 1907; x_wconf 89' lang='lat' dir='ltr'>similis</span> <span class='ocrx_word' id='word_1_151' title='bbox 724 1866 760 1906; x_wconf 89' lang='lat' dir='ltr'>si</span> <span class='ocrx_word' id='word_1_152' title='bbox 785 1865 1045 1920; x_wconf 88' lang='lat' dir='ltr'>permutatio</span> <span class='ocrx_word' id='word_1_153' title='bbox 1070 1865 1209 1913; x_wconf 92' lang='lat' dir='ltr'>detur,</span> 
     </span>
     <span class='ocr_line' id='line_1_25' title="bbox 231 1940 1296 1996; baseline -0.005 -11"><span class='ocrx_word' id='word_1_154' title='bbox 231 1949 365 1985; x_wconf 89' lang='lat' dir='ltr'>morte</span> <span class='ocrx_word' id='word_1_155' title='bbox 390 1942 477 1984; x_wconf 89' lang='lat' dir='ltr'>uiri</span> <span class='ocrx_word' id='word_1_156' title='bbox 501 1942 677 1996; x_wconf 87' lang='lat' dir='ltr'>cupiant</span> <span class='ocrx_word' id='word_1_157' title='bbox 701 1941 891 1982; x_wconf 89' lang='lat' dir='ltr'>animam</span> <span class='ocrx_word' id='word_1_158' title='bbox 915 1954 1082 1981; x_wconf 87' lang='lat' dir='ltr'>seruare</span> <span class='ocrx_word' id='word_1_159' title='bbox 1107 1940 1296 1981; x_wconf 85' lang='lat' dir='ltr'>catellae.</span> 
     </span>
    </p>

    <p class='ocr_par' dir='ltr' id='par_1_7' title="bbox 97 2015 1393 2147">
     <span class='ocr_line' id='line_1_26' title="bbox 97 2015 1353 2069; baseline -0.006 -7"><span class='ocrx_word' id='word_1_160' title='bbox 97 2030 159 2062; x_wconf 89' lang='lat'>655</span> <span class='ocrx_word' id='word_1_161' title='bbox 230 2023 449 2061; x_wconf 87' lang='lat' dir='ltr'>occurrent</span> <span class='ocrx_word' id='word_1_162' title='bbox 473 2017 636 2058; x_wconf 86' lang='lat' dir='ltr'>multae</span> <span class='ocrx_word' id='word_1_163' title='bbox 661 2017 743 2058; x_wconf 90' lang='lat' dir='ltr'>tibi</span> <span class='ocrx_word' id='word_1_164' title='bbox 768 2016 936 2057; x_wconf 85' lang='lat' dir='ltr'>Belides</span> <span class='ocrx_word' id='word_1_165' title='bbox 961 2020 1092 2069; x_wconf 85' lang='lat' dir='ltr'>atque</span> <span class='ocrx_word' id='word_1_166' title='bbox 1116 2015 1353 2069; x_wconf 79' lang='lat' dir='ltr'>Eriphylae</span> 
     </span>
     <span class='ocr_line' id='line_1_27' title="bbox 232 2090 1393 2147; baseline -0.004 -12"><span class='ocrx_word' id='word_1_167' title='bbox 232 2107 371 2142; x_wconf 90' lang='lat' dir='ltr'>mane,</span> <span class='ocrx_word' id='word_1_168' title='bbox 396 2092 752 2147; x_wconf 86' lang='lat' dir='ltr'>Clytaemestram</span> <span class='ocrx_word' id='word_1_169' title='bbox 777 2091 924 2132; x_wconf 89' lang='lat' dir='ltr'>nullus</span> <span class='ocrx_word' id='word_1_170' title='bbox 949 2105 1036 2131; x_wconf 91' lang='lat' dir='ltr'>non</span> <span class='ocrx_word' id='word_1_171' title='bbox 1061 2091 1182 2131; x_wconf 90' lang='lat' dir='ltr'>uicus</span> <span class='ocrx_word' id='word_1_172' title='bbox 1207 2090 1393 2131; x_wconf 87' lang='lat' dir='ltr'>habebit.</span> 
     </span>
    </p>
   </div>
   <div class='ocr_carea' id='block_1_3' title="bbox 95 2234 1637 2902">
    <p class='ocr_par' dir='ltr' id='par_1_8' title="bbox 95 2234 1637 2902">
     <span class='ocr_line' id='line_1_28' title="bbox 161 2234 1637 2275; baseline -0.003 -3"><span class='ocrx_word' id='word_1_173' title='bbox 161 2243 224 2273; x_wconf 83' lang='lat'>632</span> <span class='ocrx_word' id='word_1_174' title='bbox 241 2241 275 2271; x_wconf 88' lang='lat' dir='ltr'>et</span> <span class='ocrx_word' id='word_1_175' title='bbox 299 2242 361 2271; x_wconf 83' lang='lat'>633</span> <span class='ocrx_word' id='word_1_176' title='bbox 378 2248 441 2269; x_wconf 91' lang='lat' dir='ltr'>om.</span> <span class='ocrx_word' id='word_1_177' title='bbox 459 2239 515 2270; x_wconf 86' lang='lat' dir='ltr'>PG</span> <span class='ocrx_word' id='word_1_178' title='bbox 603 2241 665 2269; x_wconf 88' lang='lat'>635</span> <span class='ocrx_word' id='word_1_179' title='bbox 689 2238 725 2268; x_wconf 85' lang='lat' dir='ltr'>et</span> <span class='ocrx_word' id='word_1_180' title='bbox 748 2236 854 2268; x_wconf 86' lang='lat' dir='ltr'>finem</span> <span class='ocrx_word' id='word_1_181' title='bbox 873 2236 1007 2275; x_wconf 81' lang='lat' dir='ltr'>egressi</span> <span class='ocrx_word' id='word_1_182' title='bbox 1029 2235 1186 2273; x_wconf 81' lang='lat' dir='ltr'>PAPGU,</span> <span class='ocrx_word' id='word_1_183' title='bbox 1207 2235 1340 2275; x_wconf 82' lang='lat' dir='ltr'>egressi</span> <span class='ocrx_word' id='word_1_184' title='bbox 1364 2237 1401 2267; x_wconf 87' lang='lat' dir='ltr'>et</span> <span class='ocrx_word' id='word_1_185' title='bbox 1423 2234 1529 2267; x_wconf 91' lang='lat' dir='ltr'>finem</span> <span class='ocrx_word' id='word_1_186' title='bbox 1551 2236 1637 2268; x_wconf 84' lang='lat' dir='ltr'>LOT</span> 
     </span>
     <span class='ocr_line' id='line_1_29' title="bbox 184 2286 1634 2330; baseline -0.003 -7"><span class='ocrx_word' id='word_1_187' title='bbox 184 2296 246 2324; x_wconf 97' lang='grc'>640</span> <span class='ocrx_word' id='word_1_188' title='bbox 263 2293 373 2322; x_wconf 78' lang='lat' dir='ltr'>tamen</span> <span class='ocrx_word' id='word_1_189' title='bbox 389 2291 463 2330; x_wconf 78' lang='lat' dir='ltr'>ipsa</span> <span class='ocrx_word' id='word_1_190' title='bbox 481 2290 530 2321; x_wconf 86' lang='lat' dir='ltr'>ita</span> <span class='ocrx_word' id='word_1_191' title='bbox 553 2288 682 2321; x_wconf 85' lang='lat' dir='ltr'>dictum</span> <span class='ocrx_word' id='word_1_192' title='bbox 707 2291 758 2320; x_wconf 84' lang='lat' dir='ltr'>est</span> <span class='ocrx_word' id='word_1_193' title='bbox 781 2290 820 2319; x_wconf 89' lang='lat' dir='ltr'>ut</span> <span class='ocrx_word' id='word_1_194' title='bbox 843 2291 953 2318; x_wconf 73' lang='lat' dir='ltr'>tamen</span> <span class='ocrx_word' id='word_1_195' title='bbox 968 2287 1149 2318; x_wconf 80' lang='lat' dir='ltr'>Herculeae</span> <span class='ocrx_word' id='word_1_196' title='bbox 1172 2297 1294 2318; x_wconf 80' lang='lat' dir='ltr'>manus</span> <span class='ocrx_word' id='word_1_197' title='bbox 1310 2286 1408 2318; x_wconf 91' lang='lat' dir='ltr'>Ouid.</span> <span class='ocrx_word' id='word_1_198' title='bbox 1430 2286 1505 2318; x_wconf 77' lang='lat' dir='ltr'>fast.</span> <span class='ocrx_word' id='word_1_199' title='bbox 1527 2295 1556 2318; x_wconf 93' lang='lat'>11</span> <span class='ocrx_word' id='word_1_200' title='bbox 1574 2289 1634 2319; x_wconf 84' lang='lat'>311</span> 
     </span>
     <span class='ocr_line' id='line_1_30' title="bbox 95 2337 1636 2385; baseline -0.003 -10"><span class='ocrx_word' id='word_1_201' title='bbox 95 2353 160 2385; x_wconf 84' lang='lat' dir='ltr'>sq.,</span> <span class='ocrx_word' id='word_1_202' title='bbox 187 2352 294 2374; x_wconf 78' lang='lat' dir='ltr'>aurea</span> <span class='ocrx_word' id='word_1_203' title='bbox 310 2342 477 2382; x_wconf 74' lang='lat' dir='ltr'>pellebant</span> <span class='ocrx_word' id='word_1_204' title='bbox 498 2341 621 2382; x_wconf 77' lang='lat' dir='ltr'>tepidos</span> <span class='ocrx_word' id='word_1_205' title='bbox 642 2340 840 2371; x_wconf 79' lang='lat' dir='ltr'>umbracula</span> <span class='ocrx_word' id='word_1_206' title='bbox 862 2340 950 2377; x_wconf 80' lang='lat' dir='ltr'>soles,</span> <span class='ocrx_word' id='word_1_207' title='bbox 977 2337 981 2378; x_wconf 84' lang='grc' dir='ltr'>Ι</span> <span class='ocrx_word' id='word_1_208' title='bbox 1000 2348 1083 2379; x_wconf 80' lang='lat' dir='ltr'>quae</span> <span class='ocrx_word' id='word_1_209' title='bbox 1110 2341 1221 2369; x_wconf 74' lang='lat' dir='ltr'>tamen</span> <span class='ocrx_word' id='word_1_210' title='bbox 1242 2338 1426 2369; x_wconf 78' lang='lat' dir='ltr'>Herculeae</span> <span class='ocrx_word' id='word_1_211' title='bbox 1451 2339 1636 2370; x_wconf 75' lang='lat' dir='ltr'>sustinuere</span> 
     </span>
     <span class='ocr_line' id='line_1_31' title="bbox 95 2389 1636 2435; baseline -0.004 -8"><span class='ocrx_word' id='word_1_212' title='bbox 95 2405 229 2433; x_wconf 73' lang='lat' dir='ltr'>mnus,</span> <span class='ocrx_word' id='word_1_213' title='bbox 248 2394 285 2426; x_wconf 89' lang='lat' dir='ltr'>id</span> <span class='ocrx_word' id='word_1_214' title='bbox 300 2396 360 2433; x_wconf 85' lang='lat' dir='ltr'>est,</span> <span class='ocrx_word' id='word_1_215' title='bbox 381 2403 586 2435; x_wconf 85' lang='lat' dir='ltr'>quamquam</span> <span class='ocrx_word' id='word_1_216' title='bbox 607 2391 762 2423; x_wconf 85' lang='lat' dir='ltr'>Herculis</span> <span class='ocrx_word' id='word_1_217' title='bbox 786 2401 903 2422; x_wconf 87' lang='lat' dir='ltr'>manus</span> <span class='ocrx_word' id='word_1_218' title='bbox 922 2394 1028 2428; x_wconf 86' lang='lat' dir='ltr'>erant,</span> <span class='ocrx_word' id='word_1_219' title='bbox 1049 2392 1172 2425; x_wconf 82' lang='lat' dir='ltr'>tamen,</span> <span class='ocrx_word' id='word_1_220' title='bbox 1191 2389 1281 2432; x_wconf 88' lang='lat' dir='ltr'>quod</span> <span class='ocrx_word' id='word_1_221' title='bbox 1304 2390 1444 2421; x_wconf 88' lang='lat' dir='ltr'>minime</span> <span class='ocrx_word' id='word_1_222' title='bbox 1468 2390 1636 2432; x_wconf 81' lang='lat' dir='ltr'>expectari</span> 
     </span>
     <span class='ocr_line' id='line_1_32' title="bbox 96 2442 1636 2489; baseline -0.003 -11"><span class='ocrx_word' id='word_1_223' title='bbox 96 2446 220 2489; x_wconf 86' lang='lat' dir='ltr'>potuit,</span> <span class='ocrx_word' id='word_1_224' title='bbox 243 2443 440 2477; x_wconf 87' lang='lat' dir='ltr'>umbracula</span> <span class='ocrx_word' id='word_1_225' title='bbox 463 2444 698 2475; x_wconf 85' lang='lat' dir='ltr'>sustinuerunt</span> <span class='ocrx_word' id='word_1_226' title='bbox 786 2447 848 2474; x_wconf 88' lang='lat'>643</span> <span class='ocrx_word' id='word_1_227' title='bbox 871 2443 1020 2482; x_wconf 83' lang='lat' dir='ltr'>tragicis</span> <span class='ocrx_word' id='word_1_228' title='bbox 1043 2443 1200 2480; x_wconf 80' lang='lat' dir='ltr'>PAPGU,</span> <span class='ocrx_word' id='word_1_229' title='bbox 1227 2442 1376 2481; x_wconf 84' lang='lat' dir='ltr'>magicis</span> <span class='ocrx_word' id='word_1_230' title='bbox 1399 2442 1484 2474; x_wconf 85' lang='lat' dir='ltr'>LOT</span> <span class='ocrx_word' id='word_1_231' title='bbox 1573 2446 1636 2473; x_wconf 89' lang='lat'>644</span> 
     </span>
     <span class='ocr_line' id='line_1_33' title="bbox 96 2491 1631 2539; baseline -0.004 -8"><span class='ocrx_word' id='word_1_232' title='bbox 96 2507 226 2539; x_wconf 81' lang='lat' dir='ltr'>proene</span> <span class='ocrx_word' id='word_1_233' title='bbox 247 2499 344 2537; x_wconf 83' lang='lat' dir='ltr'>GO&#39;I&#39;,</span> <span class='ocrx_word' id='word_1_234' title='bbox 369 2505 503 2537; x_wconf 85' lang='lat' dir='ltr'>progne</span> <span class='ocrx_word' id='word_1_235' title='bbox 524 2496 650 2534; x_wconf 86' lang='lat' dir='ltr'><strong>PALU,</strong></span> <span class='ocrx_word' id='word_1_236' title='bbox 676 2503 852 2535; x_wconf 87' lang='lat' dir='ltr'>progenae</span> <span class='ocrx_word' id='word_1_237' title='bbox 874 2495 899 2526; x_wconf 82' lang='lat' dir='ltr'>F</span> <span class='ocrx_word' id='word_1_238' title='bbox 987 2498 1048 2526; x_wconf 84' lang='grc'>647</span> <span class='ocrx_word' id='word_1_239' title='bbox 1070 2495 1236 2526; x_wconf 82' lang='lat' dir='ltr'>nocentes</span> <span class='ocrx_word' id='word_1_240' title='bbox 1255 2494 1350 2532; x_wconf 84' lang='lat' dir='ltr'>PG&#39;I&#39;,</span> <span class='ocrx_word' id='word_1_241' title='bbox 1376 2496 1561 2526; x_wconf 84' lang='lat' dir='ltr'>nocentem</span> <span class='ocrx_word' id='word_1_242' title='bbox 1584 2491 1631 2532; x_wconf 86' lang='grc' dir='ltr'>Ψ,</span> 
     </span>
     <span class='ocr_line' id='line_1_34' title="bbox 96 2544 1634 2585; baseline -0.004 -3"><span class='ocrx_word' id='word_1_243' title='bbox 96 2560 208 2582; x_wconf 87' lang='lat' dir='ltr'>erasus</span> <span class='ocrx_word' id='word_1_244' title='bbox 231 2551 263 2583; x_wconf 86' lang='lat' dir='ltr'><strong>U</strong></span> <span class='ocrx_word' id='word_1_245' title='bbox 360 2554 422 2581; x_wconf 87' lang='lat'>648</span> <span class='ocrx_word' id='word_1_246' title='bbox 449 2550 485 2581; x_wconf 86' lang='lat' dir='ltr'>et</span> <span class='ocrx_word' id='word_1_247' title='bbox 514 2548 613 2580; x_wconf 82' lang='lat' dir='ltr'>rabie</span> <span class='ocrx_word' id='word_1_248' title='bbox 639 2545 686 2585; x_wconf 86' lang='grc' dir='ltr'>Ψ,</span> <span class='ocrx_word' id='word_1_249' title='bbox 714 2549 751 2578; x_wconf 83' lang='lat' dir='ltr'>et</span> <span class='ocrx_word' id='word_1_250' title='bbox 776 2547 911 2578; x_wconf 86' lang='lat' dir='ltr'>rabiem</span> <span class='ocrx_word' id='word_1_251' title='bbox 935 2547 970 2584; x_wconf 80' lang='lat' dir='ltr'>F,</span> <span class='ocrx_word' id='word_1_252' title='bbox 997 2547 1132 2577; x_wconf 86' lang='lat' dir='ltr'>rabiem</span> <span class='ocrx_word' id='word_1_253' title='bbox 1156 2547 1222 2584; x_wconf 86' lang='lat' dir='ltr'>PG,</span> <span class='ocrx_word' id='word_1_254' title='bbox 1251 2544 1328 2576; x_wconf 91' lang='lat' dir='ltr'>uide</span> <span class='ocrx_word' id='word_1_255' title='bbox 1353 2546 1416 2577; x_wconf 88' lang='lat'>652</span> <span class='ocrx_word' id='word_1_256' title='bbox 1514 2546 1634 2585; x_wconf 87' lang='lat' dir='ltr'>inpen-</span> 
     </span>
     <span class='ocr_line' id='line_1_35' title="bbox 97 2597 1636 2640; baseline -0.005 -5"><span class='ocrx_word' id='word_1_257' title='bbox 97 2603 180 2635; x_wconf 86' lang='lat' dir='ltr'>dere</span> <span class='ocrx_word' id='word_1_258' title='bbox 206 2603 260 2634; x_wconf 79' lang='lat' dir='ltr'>Pr</span> <span class='ocrx_word' id='word_1_259' title='bbox 362 2604 424 2633; x_wconf 88' lang='grc'>649</span> <span class='ocrx_word' id='word_1_260' title='bbox 456 2604 518 2632; x_wconf 85' lang='grc'>650</span> <span class='ocrx_word' id='word_1_261' title='bbox 549 2598 757 2640; x_wconf 84' lang='lat' dir='ltr'>significatur</span> <span class='ocrx_word' id='word_1_262' title='bbox 787 2608 883 2628; x_wconf 90' lang='lat' dir='ltr'>mons</span> <span class='ocrx_word' id='word_1_263' title='bbox 914 2597 1008 2629; x_wconf 89' lang='lat' dir='ltr'>cuius</span> <span class='ocrx_word' id='word_1_264' title='bbox 1040 2607 1171 2628; x_wconf 88' lang='lat' dir='ltr'>summa</span> <span class='ocrx_word' id='word_1_265' title='bbox 1201 2607 1277 2638; x_wconf 89' lang='lat' dir='ltr'>pars</span> <span class='ocrx_word' id='word_1_266' title='bbox 1308 2597 1416 2638; x_wconf 84' lang='lat' dir='ltr'>magis</span> <span class='ocrx_word' id='word_1_267' title='bbox 1446 2597 1636 2638; x_wconf 85' lang='lat' dir='ltr'>promineat</span> 
     </span>
     <span class='ocr_line' id='line_1_36' title="bbox 97 2647 1636 2696; baseline -0.005 -10"><span class='ocrx_word' id='word_1_268' title='bbox 97 2664 200 2696; x_wconf 87' lang='lat' dir='ltr'>quam</span> <span class='ocrx_word' id='word_1_269' title='bbox 222 2653 404 2692; x_wconf 83' lang='lat' dir='ltr'>inferiores,</span> <span class='ocrx_word' id='word_1_270' title='bbox 426 2651 566 2693; x_wconf 86' lang='lat' dir='ltr'>Anglice</span> <span class='ocrx_word' id='word_1_271' title='bbox 583 2661 605 2681; x_wconf 80' lang='lat' dir='ltr'>a</span> <span class='ocrx_word' id='word_1_272' title='bbox 621 2651 757 2690; x_wconf 72' lang='lat' dir='ltr'>beetliny</span> <span class='ocrx_word' id='word_1_273' title='bbox 772 2650 863 2690; x_wconf 74' lang='lat' dir='ltr'>clzff3</span> <span class='ocrx_word' id='word_1_274' title='bbox 887 2648 976 2680; x_wconf 90' lang='lat' dir='ltr'>unde</span> <span class='ocrx_word' id='word_1_275' title='bbox 993 2659 1077 2690; x_wconf 87' lang='lat' dir='ltr'>quae</span> <span class='ocrx_word' id='word_1_276' title='bbox 1093 2648 1221 2680; x_wconf 87' lang='lat' dir='ltr'>cadunt</span> <span class='ocrx_word' id='word_1_277' title='bbox 1237 2658 1317 2680; x_wconf 86' lang='lat' dir='ltr'>saxa</span> <span class='ocrx_word' id='word_1_278' title='bbox 1335 2658 1404 2679; x_wconf 91' lang='lat' dir='ltr'>non</span> <span class='ocrx_word' id='word_1_279' title='bbox 1428 2658 1486 2690; x_wconf 89' lang='lat' dir='ltr'>per</span> <span class='ocrx_word' id='word_1_280' title='bbox 1509 2647 1636 2679; x_wconf 88' lang='lat' dir='ltr'>cliuum</span> 
     </span>
     <span class='ocr_line' id='line_1_37' title="bbox 97 2699 1632 2742; baseline -0.005 -5"><span class='ocrx_word' id='word_1_281' title='bbox 97 2705 286 2737; x_wconf 86' lang='lat' dir='ltr'>uoluuntur</span> <span class='ocrx_word' id='word_1_282' title='bbox 308 2704 366 2736; x_wconf 87' lang='lat' dir='ltr'>sed</span> <span class='ocrx_word' id='word_1_283' title='bbox 388 2705 479 2735; x_wconf 83' lang='lat' dir='ltr'>recta</span> <span class='ocrx_word' id='word_1_284' title='bbox 501 2702 590 2734; x_wconf 89' lang='lat' dir='ltr'>linea</span> <span class='ocrx_word' id='word_1_285' title='bbox 613 2701 656 2733; x_wconf 89' lang='lat' dir='ltr'>ad</span> <span class='ocrx_word' id='word_1_286' title='bbox 679 2705 803 2733; x_wconf 87' lang='lat' dir='ltr'>terram</span> <span class='ocrx_word' id='word_1_287' title='bbox 826 2700 1092 2742; x_wconf 84' lang='lat' dir='ltr'>praecipitantur</span> <span class='ocrx_word' id='word_1_288' title='bbox 1181 2704 1243 2732; x_wconf 86' lang='lat'>652</span> <span class='ocrx_word' id='word_1_289' title='bbox 1265 2701 1344 2732; x_wconf 84' lang='lat' dir='ltr'>fata.</span> <span class='ocrx_word' id='word_1_290' title='bbox 1363 2699 1401 2731; x_wconf 86' lang='grc' dir='ltr'><strong>Ψ</strong></span> <span class='ocrx_word' id='word_1_291' title='bbox 1420 2699 1523 2731; x_wconf 84' lang='lat' dir='ltr'>schol.</span> <span class='ocrx_word' id='word_1_292' title='bbox 1544 2699 1632 2730; x_wconf 79' lang='lat' dir='ltr'>Stat.</span> 
     </span>
     <span class='ocr_line' id='line_1_38' title="bbox 99 2749 1633 2794; baseline -0.005 -5"><span class='ocrx_word' id='word_1_293' title='bbox 99 2756 202 2788; x_wconf 87' lang='lat' dir='ltr'>Theb.</span> <span class='ocrx_word' id='word_1_294' title='bbox 222 2765 263 2788; x_wconf 87' lang='lat' dir='ltr'>VI</span> <span class='ocrx_word' id='word_1_295' title='bbox 287 2757 358 2794; x_wconf 84' lang='lat'>381,</span> <span class='ocrx_word' id='word_1_296' title='bbox 376 2757 414 2788; x_wconf 86' lang='lat' dir='ltr'>et</span> <span class='ocrx_word' id='word_1_297' title='bbox 436 2755 515 2786; x_wconf 85' lang='lat' dir='ltr'>fata</span> <span class='ocrx_word' id='word_1_298' title='bbox 538 2755 574 2792; x_wconf 93' lang='lat' dir='ltr'>P,</span> <span class='ocrx_word' id='word_1_299' title='bbox 593 2755 631 2786; x_wconf 84' lang='lat' dir='ltr'>et</span> <span class='ocrx_word' id='word_1_300' title='bbox 653 2754 750 2784; x_wconf 86' lang='lat' dir='ltr'>fama</span> <span class='ocrx_word' id='word_1_301' title='bbox 773 2753 811 2791; x_wconf 80' lang='lat' dir='ltr'>G,</span> <span class='ocrx_word' id='word_1_302' title='bbox 833 2751 910 2783; x_wconf 85' lang='lat' dir='ltr'>uide</span> <span class='ocrx_word' id='word_1_303' title='bbox 935 2753 995 2783; x_wconf 78' lang='lat'>648</span> <span class='ocrx_word' id='word_1_304' title='bbox 1086 2756 1147 2784; x_wconf 85' lang='lat'>656</span> <span class='ocrx_word' id='word_1_305' title='bbox 1171 2761 1274 2783; x_wconf 90' lang='lat' dir='ltr'>mane</span> <span class='ocrx_word' id='word_1_306' title='bbox 1298 2749 1364 2783; x_wconf 87' lang='grc' dir='ltr'>ΡΨ</span> <span class='ocrx_word' id='word_1_307' title='bbox 1387 2753 1422 2783; x_wconf 86' lang='lat' dir='ltr'>et</span> <span class='ocrx_word' id='word_1_308' title='bbox 1444 2761 1534 2782; x_wconf 79' lang='lat' dir='ltr'>man.</span> <span class='ocrx_word' id='word_1_309' title='bbox 1554 2752 1573 2781; x_wconf 89' lang='lat'>2</span> <span class='ocrx_word' id='word_1_310' title='bbox 1598 2750 1633 2786; x_wconf 82' lang='grc' dir='ltr'>Ο,</span> 
     </span>
     <span class='ocr_line' id='line_1_39' title="bbox 98 2803 1634 2848; baseline -0.005 -6"><span class='ocrx_word' id='word_1_311' title='bbox 98 2817 198 2841; x_wconf 54' lang='lat' dir='ltr'>mm*</span> <span class='ocrx_word' id='word_1_312' title='bbox 215 2810 252 2848; x_wconf 91' lang='lat'>0,</span> <span class='ocrx_word' id='word_1_313' title='bbox 272 2817 372 2840; x_wconf 88' lang='lat' dir='ltr'>mene</span> <span class='ocrx_word' id='word_1_314' title='bbox 390 2807 475 2839; x_wconf 80' lang='lat' dir='ltr'>Brit.</span> <span class='ocrx_word' id='word_1_315' title='bbox 496 2807 612 2838; x_wconf 86' lang='lat'>15600.</span> <span class='ocrx_word' id='word_1_316' title='bbox 661 2815 759 2836; x_wconf 79' lang='lat' dir='ltr'>mane</span> <span class='ocrx_word' id='word_1_317' title='bbox 781 2805 874 2836; x_wconf 82' lang='lat' dir='ltr'>domo</span> <span class='ocrx_word' id='word_1_318' title='bbox 890 2814 964 2836; x_wconf 74' lang='lat' dir='ltr'>cum</span> <span class='ocrx_word' id='word_1_319' title='bbox 988 2805 1066 2843; x_wconf 68' lang='lat' dir='ltr'>emis,</span> <span class='ocrx_word' id='word_1_320' title='bbox 1086 2806 1127 2835; x_wconf 89' lang='lat' dir='ltr'>ut</span> <span class='ocrx_word' id='word_1_321' title='bbox 1149 2803 1198 2836; x_wconf 80' lang='lat' dir='ltr'>ait</span> <span class='ocrx_word' id='word_1_322' title='bbox 1214 2803 1371 2836; x_wconf 83' lang='lat' dir='ltr'>Catullus</span> <span class='ocrx_word' id='word_1_323' title='bbox 1395 2804 1435 2835; x_wconf 87' lang='grc'>80</span> <span class='ocrx_word' id='word_1_324' title='bbox 1454 2804 1471 2835; x_wconf 84' lang='grc'><strong>3</strong></span> <span class='ocrx_word' id='word_1_325' title='bbox 1488 2814 1496 2841; x_wconf 90' lang='grc'>;</span> <span class='ocrx_word' id='word_1_326' title='bbox 1520 2812 1634 2844; x_wconf 90' lang='lat' dir='ltr'>quam-</span> 
     </span>
     <span class='ocr_line' id='line_1_40' title="bbox 100 2856 747 2902; baseline -0.006 -11"><span class='ocrx_word' id='word_1_327' title='bbox 100 2869 201 2902; x_wconf 86' lang='lat' dir='ltr'>quam</span> <span class='ocrx_word' id='word_1_328' title='bbox 217 2859 357 2891; x_wconf 85' lang='lat' dir='ltr'>fortasse</span> <span class='ocrx_word' id='word_1_329' title='bbox 373 2858 474 2890; x_wconf 83' lang='lat' dir='ltr'>scribi</span> <span class='ocrx_word' id='word_1_330' title='bbox 489 2859 639 2899; x_wconf 83' lang='lat' dir='ltr'>praestat</span> <span class='ocrx_word' id='word_1_331' title='bbox 654 2856 747 2888; x_wconf 73' lang='lat' dir='ltr'>‘mille</span> 
     </span>
    </p>
   </div>
  </div>
 </body>
</html>
