1947 3145
183 97 208 137 3
218 97 241 138 Ο
779 90 1107 133 IVVENALIS

312 218 356 254 et
379 216 559 254 tremere
583 215 627 251 et
651 209 790 250 sordes
814 208 936 249 farris
961 207 1151 247 mordere
1175 205 1351 246 canini?

379 287 518 342 primo
542 286 624 340 fige
647 285 748 332 loco,
773 282 885 337 quod
908 287 958 322 tu
982 281 1242 322 discumbere
1266 281 1405 321 iussus

313 361 548 403 mercedem
572 359 752 400 solidam
776 362 972 398 ueterum
997 356 1112 410 capis
1136 355 1377 396 officiorum.

313 438 480 478 fructus
505 434 718 476 amicitiae
741 445 920 486 magnae
945 431 1091 472 cibus:
1127 431 1302 484 inputat
1325 430 1440 470 hunc
1463 442 1547 477 reX‚

182 524 222 554 15
312 517 356 553 et
380 510 577 565 quamuis
602 521 747 548 rarum
772 511 916 547 tamen
941 506 1126 559 inputat.
1196 518 1296 559 ergo
1321 505 1426 545 duos
1449 508 1547 558 post

313 587 350 628 si
374 585 503 627 libuit
527 595 692 624 menses
712 581 955 636 neglectum
978 580 1180 621 adhibere
1206 580 1418 629 clientem,

313 661 442 703 tertia
467 673 520 700 ne
545 671 677 698 uacuo
701 661 883 697 cessaret
908 655 1066 697 culcita
1089 656 1210 704 lecto,

313 742 321 757 ‘
338 750 423 777 una
447 736 579 776 simus
595 733 604 748 '
629 733 701 773 ait.
772 736 972 772 uotorum
997 745 1172 772 summa.
1244 730 1348 785 quid
1372 730 1488 771 ultra

313 811 511 866 quaeris?
580 808 709 849 habet
730 807 916 855 Trebius,
940 812 1114 860 propter
1136 806 1250 860 quod
1272 819 1467 860 rumpere
1491 818 1690 846 somnum

201 898 241 929 20
311 887 461 928 debeat
485 889 528 926 et
552 883 709 938 ligulas
734 883 965 930 dimittere,
989 881 1200 922 sollicitus
1224 893 1278 921 ne

310 967 402 1003 tota
426 960 656 1002 salutatrix
680 959 767 998 iam
792 957 917 998 turba
940 956 1149 1010 peregerit
1173 956 1328 1004 orbem,

312 1036 521 1079 sideribus
545 1034 686 1075 dubiis
710 1037 787 1074 aut
812 1032 888 1073 illo
913 1037 1103 1085 tempore
1129 1044 1212 1085 quo
1237 1044 1279 1071 se

309 1111 468 1167 frigida
492 1111 785 1164 circumagunt
809 1107 923 1162 pigri
948 1120 1111 1148 serraca
1136 1107 1305 1147 Bootae.

378 1186 517 1241 qualis
540 1198 643 1226 cena
668 1189 814 1226 tamen
834 1181 842 1226 1
913 1182 1066 1222 uinum
1091 1181 1204 1235 quod
1228 1179 1373 1221 sucida
1396 1179 1508 1221 nolit

199 1275 239 1305 25
309 1263 408 1304 lana
430 1262 548 1317 pati:
584 1260 635 1301 de
658 1259 842 1300 conuiua
869 1257 1111 1312 Corybanta
1135 1255 1314 1297 uidebis.

309 1339 450 1394 iurgia
473 1336 720 1392 proludunt,
745 1335 817 1376 sed
840 1348 939 1374 mox
963 1338 1006 1374 et
1029 1332 1180 1387 pocula
1205 1337 1377 1386 torques

312 1414 479 1456 saucius
503 1417 546 1454 et
569 1412 695 1453 rubra
719 1410 908 1464 deterges
932 1409 1112 1449 uulnera
1136 1421 1302 1462 mappa,

309 1490 425 1531 inter
451 1502 527 1530 uos
551 1487 746 1542 quotiens
770 1485 1100 1538 libertorumque
1125 1484 1338 1524 cohortem

310 1578 455 1620 pugna
481 1563 723 1618 Saguntina
748 1561 885 1601 feruet
908 1560 1130 1600 commissa
1155 1558 1317 1613 lagona.

200 1653 240 1684 30
311 1642 400 1695 ipse
424 1638 626 1693 capillato
651 1636 852 1677 diffusum
877 1634 1047 1675 consule
1071 1638 1193 1687 potat

313 1716 603 1767 calcatamque
628 1716 747 1753 tenet
771 1711 893 1752 bellis
918 1709 1143 1751 socialibus
1169 1722 1308 1749 uuam.

311 1790 501 1832 cardiaco
526 1801 761 1841 numquam
785 1785 992 1841 cyathum
1017 1785 1226 1825 missurus
1249 1783 1384 1824 amico

310 1879 401 1907 cras
424 1865 542 1905 bibet
566 1863 750 1904 Albanis
773 1860 935 1915 aliquid
960 1860 1011 1900 de
1036 1859 1254 1900 montibus
1278 1863 1355 1899 aut
1379 1858 1430 1899 de

313 1940 485 1988 Setinis,
509 1939 629 1980 cuius
651 1937 836 1992 patriam
861 1936 1125 1989 titulumque
1150 1938 1344 1975 senectus

204 2028 242 2058 35
313 2015 474 2057 deleuit
498 2014 637 2054 multa
662 2012 816 2052 ueteris
841 2011 1022 2065 fuligine
1048 2014 1194 2058 testae,

314 2090 438 2145 quale
461 2088 651 2130 coronati
677 2088 857 2128 Thrasea
882 2085 1198 2138 Heluidiusque
1222 2084 1428 2125 bibebant

313 2166 547 2206 Brutorum
571 2168 614 2204 et
640 2162 758 2203 Cassi
782 2161 1010 2202 natalibus.
1079 2160 1168 2213 ipse
1193 2172 1363 2213 capaces

316 2240 549 2281 Heliadum
573 2243 738 2279 crustas
763 2242 804 2277 et
830 2235 1076 2290 inaequales
1099 2235 1264 2276 berullo

313 2315 442 2356 Virro
467 2319 585 2355 tenet
608 2313 801 2367 phialas:
838 2312 919 2353 tibi
944 2325 1031 2352 non
1055 2310 1343 2351 committitur
1366 2323 1529 2359 aurum,

247 2450 288 2478 24
304 2445 396 2486 quod
411 2443 513 2475 Vind.
534 2442 581 2483 Ψ,
603 2451 670 2483 quo
686 2443 740 2474 Po
829 2446 868 2474 31
887 2446 927 2473 32
944 2439 1161 2482 interpunxi:
1186 2438 1288 2481 uulgo
1304 2449 1411 2470 uuam
1433 2437 1437 2479 Ι
1456 2438 1607 2470 cardiaco
1629 2460 1637 2469 .
1666 2460 1675 2469 .
1703 2460 1711 2468 .

180 2499 310 2533 amiam·
331 2496 336 2537 Ι
355 2506 436 2535 cras,
461 2499 501 2526 ut
525 2505 639 2526 versus
667 2494 780 2526 33-37
811 2503 978 2535 nusquam
1006 2492 1207 2534 pertineant.
1265 2490 1409 2522 conuiua
1435 2488 1618 2521 hodiernus
1644 2498 1716 2520 cras

180 2550 319 2581 fortasse
342 2550 417 2589 post
440 2546 543 2578 talem
567 2556 682 2577 cenam
705 2544 874 2576 cardiacus
898 2544 986 2582 erit;
1010 2544 1063 2575 cui
1087 2542 1178 2574 domi
1201 2542 1340 2574 cubanti
1362 2544 1522 2584 patronus
1543 2540 1715 2572 Albanum

181 2600 377 2633 Setinumue
400 2598 518 2629 bibens
541 2597 674 2628 nullum
698 2595 858 2638 cyathum
882 2596 1044 2627 missums
1063 2598 1122 2626 est.
1173 2593 1333 2626 cardiacis
1349 2593 1496 2636 grauiter
1511 2591 1715 2635 aegrotanti-

180 2653 243 2684 bus
267 2651 397 2683 Plinius
420 2649 487 2681 n.h.
517 2657 615 2680 XXIII
640 2650 680 2680 50
705 2653 738 2680 et
763 2648 876 2680 Celsus
901 2657 945 2679 111
971 2649 1010 2678 19
1034 2647 1154 2678 uinum
1178 2645 1251 2677 dari
1274 2645 1493 2687 praecipiunt,
1521 2648 1555 2676 et
1578 2643 1715 2686 quidem

181 2707 374 2741 austerum3
398 2701 530 2733 Albana
551 2704 672 2739 autem,
694 2703 824 2731 austera
849 2709 932 2741 quae
957 2699 1036 2737 sint,
1064 2698 1237 2729 stomacho
1261 2696 1315 2728 uel
1337 2696 1477 2728 Falerno
1493 2695 1630 2728 utiliora
1646 2705 1715 2727 esse

181 2756 265 2788 dicit
288 2754 419 2787 Plinius
443 2753 485 2785 ib.
516 2754 566 2791 35,
594 2751 683 2783 idem
707 2754 746 2783 36
771 2752 885 2782 Setina
914 2750 1074 2791 concoqui
1098 2750 1188 2781 cibos
1216 2759 1327 2790 cogere
1351 2752 1385 2780 et
1408 2747 1482 2789 plus
1506 2747 1716 2780 austeritatis

181 2808 313 2840 Albano
337 2806 457 2838 habere
546 2808 586 2836 38
611 2804 772 2835 Eliadum
795 2802 849 2833 uel
870 2803 1056 2834 Aeliadum
1072 2800 1148 2840 ΡΨ,
1168 2801 1368 2841 Appiadum
1384 2799 1487 2831 Vind.
1579 2799 1715 2832 berullo

180 2862 240 2898 PS,
258 2859 411 2892 berullos
427 2855 529 2888 vind.
547 2857 583 2894 Τ,
604 2856 755 2895 beryllos
771 2854 923 2895 peioraue
940 2852 977 2884 Ψ
