1947 3145
152 454 216 487 240

151 831 214 863 245

146 1205 210 1239 250

145 1583 207 1615 255

142 1959 204 1991 260

141 2335 205 2367 265

768 99 1001 140 SATVRA
1036 100 1079 140 X
1630 101 1654 141 9
1665 99 1690 144 7

290 218 464 259 heredes
489 222 609 259 uetat
632 232 719 259 esse
744 232 851 268 suos,
875 219 985 260 bona
1009 223 1100 259 tota
1124 218 1323 259 feruntur

287 294 342 334 ad
366 294 571 346 Phialen3
608 300 781 336 tantum
806 295 983 336 artificis
1008 296 1123 336 ualet
1148 295 1312 336 halitus
1337 295 1420 336 oris

286 370 400 423 quod
423 374 601 411 steterat
625 371 775 411 multis
799 371 844 411 in
869 385 1029 412 carcere
1054 371 1225 412 fornicis
1249 371 1385 412 annis.

286 449 336 485 ut
360 445 534 500 uigeant
559 459 707 486 sensus
730 446 878 495 animi,
902 446 1095 487 ducenda
1119 450 1265 487 tamen
1290 451 1392 487 sunt

287 520 436 561 funera
461 525 673 570 natorum,
697 535 822 575 rogus
846 522 1114 575 aspiciendus
1139 529 1305 563 amatae

287 596 483 650 coniugis
507 600 550 637 et
574 595 723 636 fratris
747 597 983 650 plenaeque
1008 597 1218 638 sororibus
1242 610 1386 638 urnae.

285 671 388 712 haec
413 671 512 712 data
535 685 671 725 poena
696 671 771 712 diu
795 672 1057 721 uiuentibus,
1081 676 1131 713 ut
1155 677 1360 713 renouata

286 759 449 800 semper
471 746 589 787 clade
613 746 763 787 domus
781 747 933 788 multis
958 747 1004 787 in
1029 748 1216 789 luctibus
1240 748 1371 802 inque

283 825 488 875 perpetuo
511 835 698 863 maerore
722 828 765 863 et
789 822 913 877 nigra
938 828 1055 864 ueste
1081 828 1310 865 senescant.

284 909 359 937 rex
384 896 546 950 Pylius,
570 911 728 952 magno
752 897 788 937 si
812 898 1044 952 quicquam
1068 899 1201 938 credis
1226 899 1425 947 Homero,

282 971 529 1025 exemplum
553 972 671 1013 uitae
695 972 780 1013 fuit
804 986 829 1012 a
853 973 1016 1014 cornice
1042 973 1259 1014 secundae.

282 1045 388 1086 felix
412 1047 630 1095 nimirum,
654 1048 730 1100 qui
755 1052 819 1088 tot
843 1061 918 1101 per
942 1048 1107 1088 saecula
1131 1053 1314 1089 mortem

283 1121 459 1162 distulit
483 1127 614 1176 atque
639 1136 736 1163 suos
760 1122 847 1162 iam
872 1122 1021 1163 dextra
1046 1128 1253 1177 conputat
1277 1137 1424 1172 annos,

279 1196 438 1250 quique
462 1210 623 1237 nouum
648 1198 808 1238 totiens
833 1202 1024 1238 mustum
1049 1198 1172 1238 bibit.
1243 1212 1315 1239 oro
1340 1212 1568 1253 parumper

279 1272 479 1313 attendas
503 1276 715 1326 quantum
739 1273 788 1313 de
813 1272 980 1327 legibus
1005 1274 1093 1326 ipse
1118 1278 1320 1327 queratur

281 1346 471 1388 fatorum
496 1352 539 1388 et
563 1347 698 1388 nimio
723 1347 775 1388 de
800 1348 996 1397 stamine,
1020 1362 1117 1389 cum
1142 1349 1262 1390 uidet
1287 1349 1393 1390 acris

279 1422 506 1464 Antilochi
530 1423 705 1464 barbam
729 1423 964 1472 ardentem,
988 1437 1086 1465 cum
1111 1425 1280 1478 quaerit
1303 1425 1357 1465 ab
1382 1426 1511 1474 omni,

279 1498 475 1552 quisquis
499 1498 631 1547 adest,
657 1499 767 1540 socio
791 1513 866 1540 cur
892 1499 994 1540 haec
1019 1500 1065 1539 in
1092 1504 1282 1554 tempora
1307 1500 1442 1549 duret,

276 1573 389 1628 quod
412 1573 578 1615 facinus
602 1574 782 1629 dignum
807 1579 897 1616 tam
921 1574 1047 1630 longo
1071 1575 1293 1616 admiserit
1317 1589 1431 1617 aeuo.

276 1648 380 1690 haec
404 1649 551 1691 eadem
576 1649 740 1699 Peleus,
765 1654 939 1704 raptum
963 1664 1061 1691 cum
1086 1650 1206 1705 luget
1230 1651 1458 1700 Achillem,

277 1728 409 1778 atque
432 1724 555 1773 alius,
579 1725 648 1765 cui
673 1725 737 1766 fas
763 1725 966 1766 Ithacum
990 1725 1134 1780 lugere
1158 1730 1394 1767 natantem.

276 1799 486 1841 incolumi
512 1799 636 1841 Troia
661 1800 858 1841 Priamus
882 1800 1071 1842 uenisset
1094 1801 1149 1841 ad
1174 1802 1350 1842 umbras

276 1874 476 1915 Assaraci
499 1875 667 1930 magnis
692 1874 973 1916 sollemnibus
998 1876 1182 1917 Hectore
1206 1875 1340 1917 funus

274 1953 475 2003 portante
499 1963 548 1991 ac
570 1950 749 2004 reliquis
773 1950 958 1991 fratrum
981 1951 1220 1992 ceruicibus
1243 1952 1358 1993 inter

277 2024 468 2066 Iliadum
490 2024 698 2074 lacrimas,
721 2030 771 2066 ut
794 2026 953 2079 primos
976 2026 1097 2067 edere
1121 2026 1321 2080 planctus

277 2099 512 2141 Cassandra
536 2100 745 2154 inciperet
770 2101 981 2155 scissaque
1007 2101 1226 2156 Polyxena
1249 2102 1378 2156 palla,

275 2175 313 2216 si
336 2175 444 2216 foret
469 2176 688 2217 extinctus
713 2176 881 2217 diuerso
907 2181 1109 2231 tempore,
1133 2191 1217 2231 quo
1242 2192 1327 2219 non

274 2255 470 2304 coeperat
494 2250 675 2292 audaces
700 2251 821 2292 Paris
846 2251 1070 2293 aedificare
1094 2253 1268 2294 carinas.

273 2326 400 2381 longa
425 2326 515 2367 dies
532 2326 667 2381 igitur
691 2327 798 2381 quid
821 2327 1038 2368 contulit?
1105 2328 1249 2368 omnia
1273 2328 1387 2370 uidit

274 2415 424 2443 euersa
448 2406 491 2442 et
515 2402 700 2443 flammis
723 2402 872 2443 Asiam
897 2402 1090 2456 ferroque
1115 2404 1347 2446 cadentem.

275 2481 380 2518 tunc
403 2477 526 2518 miles
551 2477 764 2518 tremulus
787 2478 927 2531 posita
951 2478 1056 2519 tulit
1080 2493 1199 2520 arma
1223 2480 1331 2520 tiara

273 2557 318 2594 et
341 2553 431 2594 ruit
455 2558 556 2594 ante
580 2566 700 2594 aram
724 2553 882 2594 summi
907 2554 1024 2594 Iouis
1050 2558 1099 2595 ut
1125 2555 1299 2596 uetulus
1323 2556 1398 2597 bos

273 2628 349 2682 qui
372 2628 535 2669 domini
558 2628 708 2669 cultris
733 2633 862 2669 tenue
886 2633 929 2669 et
953 2628 1194 2671 miserabile
1216 2630 1373 2672 collum

206 2766 269 2795 240
295 2763 450 2797 ducenta
475 2765 597 2796 tamen
627 2764 700 2795 sint
726 2765 752 2796 P
839 2768 902 2796 253
929 2774 1009 2797 cum
1033 2766 1087 2798 ΡΤ
1116 2765 1200 2798 Brit.
1231 2768 1346 2807 30861,
1377 2776 1460 2800 nam
1486 2767 1523 2800 Ψ
1611 2773 1674 2802 254

141 2814 234 2847 socio
250 2813 298 2854 Ψ,
317 2816 433 2848 socius
457 2816 483 2847 P
499 2814 614 2847 eodem
631 2825 738 2846 errore
754 2825 820 2857 quo
843 2824 883 2847 XI
909 2817 948 2848 85
973 2816 1009 2848 in
1033 2816 1150 2849 multis
1167 2818 1262 2850 libris
1283 2829 1415 2851 carnem
1437 2819 1600 2862 scriptum
1624 2824 1675 2853 est

140 2876 202 2908 pro
217 2876 315 2900 carne
402 2871 465 2900 263
481 2877 551 2900 non
566 2869 602 2906 P,
619 2869 692 2900 iam
707 2867 744 2899 Ψ

1507 2931 1537 2961 Η
