1947 3145
750 96 983 138 SATVRA
1017 96 1112 137 VH
1636 97 1659 137 6
1670 97 1695 137 5

298 229 489 270 quaeque
513 214 782 269 reportandis
806 215 944 268 posita
967 218 1032 255 est
1056 213 1269 254 orchestra
1293 212 1518 253 cathedris.

298 305 375 332 nos
400 295 545 332 tamen
571 290 649 330 hoc
673 291 842 344 agimus
867 290 1074 343 tenuique
1098 288 1145 328 in
1169 288 1345 342 puluere
1370 287 1508 328 sulcos

300 366 494 407 ducimus
517 370 560 406 et
585 365 691 406 litus
715 364 855 406 sterili
880 376 1098 405 uersamus
1123 368 1272 404 aratro.

188 453 230 484 50
298 455 411 490 nam,
435 441 472 482 si
497 440 695 488 discedas,
719 440 868 493 laqueo
894 443 1011 480 tenet
1037 438 1254 479 ambitiosi

300 515 594 569 †consuetudo
619 515 723 555 mali
748 519 868 556 tenet
894 514 1132 555 insanabile
1156 513 1317 554 multos

301 591 515 633 scribendi
539 590 756 631 cacoethes
781 594 823 631 et
848 603 973 644 aegro
997 590 1044 631 in
1067 589 1188 630 corde
1214 589 1406 630 senescit.

301 667 373 708 sed
397 671 543 707 uatem
566 666 798 720 egregium,
822 665 892 706 cui
917 678 1002 706 non
1028 664 1086 705 sit
1109 664 1283 718 publica
1308 677 1429 712 uena,

301 742 376 796 qui
399 741 514 782 nihil
537 741 781 794 expositum
805 739 938 781 soleat
963 739 1178 788 deducere,
1202 752 1279 780 nec
1304 739 1378 793 qui

189 828 230 860 55
298 816 514 858 communi
539 816 665 857 feriat
689 829 859 857 carmen
884 815 1054 856 triuiale
1079 818 1262 863 moneta,

300 892 426 941 hunc,
451 891 621 946 qualem
646 904 809 945 nequeo
834 894 1068 931 monstrare
1094 893 1138 931 et
1163 890 1300 930 sentio
1325 893 1510 938 tantum,

300 968 520 1008 anxietate
545 980 690 1008 carens
714 966 883 1007 animus
906 965 1022 1014 facit,
1046 965 1184 1006 omnis
1209 965 1349 1005 acerbi

299 1043 528 1097 inpatiens,
553 1042 732 1096 cupidus
756 1041 963 1083 siluarum
987 1046 1199 1094 aptusque
1223 1040 1419 1081 bibendis

298 1119 493 1160 fontibus
517 1119 751 1160 Aonidum.
822 1131 957 1172 neque
982 1117 1098 1158 enim
1123 1121 1296 1158 cantare
1320 1117 1399 1158 sub
1423 1121 1549 1157 antro

187 1205 228 1236 60
299 1194 441 1235 Pierio
466 1194 750 1248 thyrsumque
773 1198 915 1247 potest
940 1192 1185 1246 contingere
1210 1195 1373 1232 maesta

300 1274 530 1324 paupertas
554 1273 686 1323 atque
710 1268 819 1309 aeris
843 1268 978 1321 inops,
1002 1281 1085 1321 quo
1110 1270 1234 1307 nocte
1258 1266 1411 1320 dieque

298 1358 450 1398 corpus
474 1348 595 1398 eget:
631 1347 751 1384 satur
774 1347 838 1384 est
863 1356 961 1383 cum
986 1342 1092 1382 dicit
1117 1341 1326 1382 Horatius
1350 1340 1534 1382 ‘euhoe'

299 1420 394 1474 quis
417 1419 534 1460 locus
558 1419 745 1474 ingenio,
769 1418 854 1459 nisi
879 1432 976 1458 eum
1002 1431 1044 1458 se
1069 1417 1256 1458 carmine
1282 1417 1370 1458 solo

298 1501 460 1535 uexant
484 1498 527 1535 et
552 1493 737 1535 dominis
764 1493 941 1534 Cirrhae
966 1493 1198 1547 Nysaeque
1222 1492 1421 1533 feruntur

187 1580 229 1612 65
297 1574 468 1624 pectora
492 1574 634 1610 uestra
658 1569 762 1610 duas
785 1582 872 1609 non
897 1568 1176 1609 admittentia
1200 1569 1354 1608 curas?

299 1658 480 1700 magnae
503 1644 662 1685 mentis
686 1657 792 1698 opus
815 1657 892 1684 nec
916 1643 967 1683 de
991 1642 1126 1683 lodice
1149 1642 1340 1696 paranda

299 1720 510 1762 attonitae
534 1733 680 1761 currus
704 1724 747 1760 et
772 1732 900 1772 equos
924 1718 1135 1771 faciesque
1160 1717 1336 1758 deorum

300 1796 486 1850 aspicere
511 1799 556 1836 et
580 1794 721 1849 qualis
746 1793 958 1834 Rutulum
982 1791 1217 1833 confundat
1241 1791 1408 1846 Erinys.

301 1884 415 1920 nam,
439 1871 476 1911 si
500 1869 692 1924 Vergilio
716 1882 822 1923 puer
846 1873 890 1909 et
914 1867 1138 1909 tolerabile
1162 1867 1301 1907 desset

190 1957 230 1989 70
299 1946 547 2000 hospitium,
570 1945 772 1986 caderent
797 1957 942 1985 omnes
967 1957 991 1984 a
1014 1942 1206 1984 crinibus
1230 1941 1370 1996 hydri,

232 2103 275 2132 48
297 2100 486 2140 tenuisque
508 2101 549 2131 ut
570 2097 708 2130 uidetur
730 2099 757 2130 P
854 2101 894 2130 50
918 2101 958 2129 51
983 2097 1109 2137 laqueo
1133 2120 1140 2128 .
1171 2119 1178 2128 .
1206 2119 1214 2128 .
1241 2096 1327 2127 mali
1352 2093 1495 2126 delenda
1522 2093 1709 2133 uidentur;

168 2161 303 2184 uersum
320 2151 361 2183 50
377 2150 548 2182 deleuerat
565 2150 706 2182 Iahnius
722 2149 890 2181 ambitiosi
911 2148 946 2180 in
962 2149 1177 2179 ambitiosum
1199 2149 1341 2178 mutato.
1391 2156 1525 2188 prorsus
1548 2146 1704 2178 intolera-

166 2203 283 2236 biliter
312 2203 460 2245 primum
490 2202 654 2240 uniuerse,
680 2201 739 2243 qui
766 2212 785 2232 a
811 2199 979 2232 scribendi
1010 2210 1107 2241 opere
1138 2198 1326 2236 discedunt,
1352 2197 1593 2230 consuetudine
1624 2198 1706 2229 mali

167 2255 277 2288 teneri
300 2254 469 2293 dicuntur,
499 2252 630 2293 deinde,
660 2252 750 2295 quod
778 2253 890 2284 minus
914 2254 974 2291 est,
999 2252 1103 2283 multi
1126 2249 1233 2282 teneri
1259 2248 1428 2281 scribendi
1458 2250 1616 2289 κακοήθει,
1644 2248 1706 2281 hoc

168 2309 221 2339 est
243 2306 359 2338 eadem
381 2305 441 2337 ina
464 2304 717 2337 consuetudine.
763 2303 865 2336 uerba
886 2302 1079 2335 cousuetudo
1099 2302 1186 2333 malz·
1206 2300 1296 2333 unde
1317 2301 1473 2333 uenerint
1496 2300 1707 2333 demonstrat

168 2357 199 2391 Σ
214 2358 370 2390 cacoethes
385 2358 432 2389 sic
447 2357 701 2399 interpretatus,
718 2356 805 2387 mali
819 2365 923 2387 ‘mores
937 2355 992 2386 uel
1008 2355 1102 2386 mala
1121 2354 1314 2385 consuetudo
1329 2353 1492 2385 scribendi
1505 2366 1513 2386 :
1538 2355 1708 2395 praeterea

168 2409 405 2452 interpolatori
430 2408 640 2451 displicuisse
667 2410 779 2450 potest
805 2407 945 2445 numeri,
970 2416 1055 2448 quae
1079 2405 1269 2445 uidebatur,
1297 2405 1333 2436 in
1359 2405 1505 2437 discedas
1529 2408 1564 2437 et
1587 2406 1708 2437 multos

168 2461 404 2504 inaequalitas.
468 2471 506 2491 ea
535 2470 615 2491 uero
645 2459 740 2491 nulla
770 2462 830 2496 est,
862 2469 939 2491 cuni
968 2458 1033 2490 hoc
1062 2457 1216 2489 dicatur:
1252 2457 1281 2488 si
1310 2456 1513 2489 discedimus
1541 2456 1590 2497 (id
1617 2457 1706 2488 enim

169 2513 340 2556 significat
354 2512 500 2544 secunda
516 2511 724 2543 subiunctiui
739 2520 889 2552 persona,
910 2510 999 2541 sicut
1019 2518 1045 2541 x
1063 2511 1126 2540 204
1143 2519 1191 2551 sq.
1207 2509 1238 2540 si
1258 2509 1384 2540 coneris
1404 2508 1554 2550 positum
1575 2511 1627 2540 est
1648 2518 1706 2550 pro

169 2566 200 2598 si
222 2568 362 2597 conatur
391 2565 588 2605 quicumque
613 2564 731 2603 semem),
760 2562 885 2594 multos
908 2572 926 2593 e
955 2561 1053 2593 nobis
1080 2564 1175 2593 tenet
1201 2560 1373 2593 cacoethes
1400 2559 1568 2593 scribendi
1595 2562 1629 2592 et
1656 2570 1702 2598 eo,

169 2616 260 2649 unde
276 2616 434 2659 fugimus,
454 2614 587 2647 reducit
673 2619 715 2646 54
733 2615 823 2647 nihil
840 2612 912 2653 8¹1¹,
932 2614 984 2645 nil
1000 2614 1035 2645 P.
1084 2612 1247 2645 dilectum
1268 2612 1333 2644 sibi
1351 2611 1498 2644 codicem
1520 2614 1709 2653 sequuntur

171 2668 336 2701 editores:
361 2667 523 2699 nimirum
538 2666 602 2698 hoc
617 2666 731 2698 minus
749 2665 952 2697 laboriosum
969 2666 1020 2696 est
1035 2674 1136 2706 quam
1152 2664 1234 2706 quid
1257 2663 1410 2695 uersibus
1426 2672 1466 2696 v1
1491 2664 1552 2695 331
1577 2665 1611 2694 et
1634 2671 1707 2693 XIII

172 2721 213 2752 18
229 2719 393 2762 scriptum
405 2719 523 2761 legeris
536 2717 701 2750 recordari
777 2721 817 2749 60
834 2726 901 2758 que
917 2717 976 2749 PA
991 2715 1126 2757 aliique,
1145 2725 1190 2748 ue
1206 2714 1253 2754 Ψ,
1271 2725 1336 2747 om.
1353 2716 1378 2748 F
1454 2716 1594 2747 maesta
1609 2714 1703 2751 PAL,

171 2780 262 2804 sana.
284 2772 384 2810 GTU,
409 2780 519 2803 saeua
538 2771 592 2803 Po
681 2774 721 2802 61
745 2779 841 2808 quom
861 2767 1065 2800 Ribbeckius
1089 2777 1158 2799 non
1181 2767 1253 2799 sine
1277 2777 1385 2806 causa,
1405 2766 1489 2798 mire
1511 2765 1601 2797 enim
1623 2768 1710 2796 nocte

171 2823 288 2864 dieque
303 2833 421 2865 corpus
437 2833 510 2854 aere
526 2822 639 2864 potius
660 2831 762 2863 quam
779 2820 853 2852 cibo
874 2829 967 2862 egere
988 2818 1137 2857 dicitur;
1160 2829 1267 2860 neque
1288 2817 1437 2850 multum
1459 2817 1561 2849 officit
1583 2815 1707 2848 coniec-

173 2877 269 2908 turae
284 2874 376 2917 quod
391 2878 426 2907 et
441 2874 478 2906 in
495 2875 535 2906 62
551 2876 586 2906 et
604 2873 640 2905 in
663 2874 704 2905 63
725 2871 849 2914 legitur
869 2882 944 2903 cum
1032 2875 1072 2903 69
1089 2872 1229 2903 deesset
1249 2871 1304 2903 PL
1322 2869 1456 2912 aliique,
1476 2869 1570 2901 desit
1586 2866 1623 2899 Ψ

1550 2927 1574 2956 F
