1947 3145
721 113 952 155 SATVRA
989 115 1064 155 III
1601 118 1657 158 13

125 239 186 271 165
254 230 424 271 mollior
447 229 615 272 ardenti
640 243 727 271 sese
753 231 980 272 indulsisse
1006 232 1187 273 tribuno.

257 306 397 360 aspice
421 306 526 359 quid
552 305 711 346 faciant
735 307 1011 347 commercia:
1048 312 1225 348 uenerat
1250 308 1381 356 obses,

257 381 328 422 hic
352 382 463 422 fiunt
488 380 691 421 homines.
764 395 864 421 nam
890 382 926 422 si
952 396 1069 422 mora
1095 383 1262 437 longior
1288 383 1435 425 urbem

257 453 474 508 †indulsit
499 455 640 509 pueris
664 469 751 495 non
776 470 981 510 umquam
1006 457 1113 498 derit
1138 462 1312 498 amator.

257 531 491 572 mittentur
516 531 673 578 bracae,
697 531 875 578 cultelli,
901 532 1030 580 frena,
1056 533 1284 587 flagellum,

122 690 184 723 170
254 681 314 722 sic
337 685 628 735 praetextatos
653 682 846 721 referunt
872 683 1084 723 Artaxata
1108 697 1254 724 mores.

735 879 938 914 SATVRA
978 880 994 914 Ι
1003 880 1041 914 II

257 986 467 1036 Quamuis
491 986 683 1040 digressu
708 987 863 1027 ueteris
888 988 1087 1028 confusus
1111 989 1237 1029 amici

254 1061 380 1102 laudo
405 1066 561 1109 tamen,
585 1061 732 1102 uacuis
756 1062 868 1115 quod
892 1062 1031 1103 sedem
1058 1063 1182 1117 figere
1209 1063 1356 1104 Cumis

254 1135 440 1177 destinet
463 1140 591 1189 atque
618 1150 755 1176 unum
779 1136 915 1176 ciuem
940 1137 1093 1177 donare
1119 1137 1318 1191 Sibyllae.

252 1211 382 1251 ianua
406 1210 608 1251 Baiarum
632 1216 696 1251 est
720 1217 763 1251 et
788 1216 958 1265 gratum
983 1212 1089 1252 litus
1113 1213 1278 1253 amoeni

165 1296 184 1327 5
254 1299 446 1327 secessus.
518 1299 594 1340 ego
619 1286 689 1326 uel
714 1286 972 1340 Prochytam
997 1301 1208 1341 praepono
1234 1288 1450 1339 Suburae3

252 1375 354 1402 nam
379 1361 482 1415 quid
507 1365 596 1401 tam
620 1361 834 1409 miserum,
860 1366 950 1402 tam
975 1362 1112 1403 solum
1137 1363 1337 1411 uidimus,
1363 1369 1410 1404 ut
1435 1378 1520 1405 non

253 1435 437 1478 deterius
462 1436 605 1477 credas
629 1436 793 1477 horrere
820 1436 1029 1485 incendia,
1054 1438 1194 1492 lapsus

254 1515 460 1553 tectorum
484 1511 681 1552 adsiduos
705 1525 753 1552 ac
777 1512 896 1552 mille
921 1513 1111 1566 pericula
1136 1527 1284 1554 saeuae

255 1586 371 1628 urbis
393 1590 438 1627 et
460 1587 659 1641 Augusto
682 1587 911 1628 recitantes
935 1601 1077 1628 mense
1103 1591 1280 1642 poetas?

141 1672 181 1704 10
250 1662 323 1703 sed
346 1662 448 1703 dum
473 1666 563 1703 tota
587 1662 737 1702 domus
760 1663 883 1703 raeda
908 1664 1177 1717 componitur
1200 1678 1285 1704 una

251 1737 450 1779 substitit
473 1737 527 1778 ad
552 1742 714 1778 ueteres
739 1752 860 1778 arcus
885 1739 1183 1793 madidamque
1210 1739 1436 1793 Capenam.

250 1814 333 1863 hic,
356 1813 431 1854 ubi
454 1817 689 1854 nocturnae
715 1813 859 1854 Numa
885 1814 1175 1855 constituebat
1198 1815 1438 1863 amicae,—

250 1902 366 1930 nunc
389 1888 498 1929 sacri
524 1887 655 1929 fontis
680 1901 827 1929 nemus
851 1893 894 1929 et
919 1888 1092 1929 delubra
1118 1889 1311 1930 locantur

252 1963 437 2012 Iudaeis,
461 1976 639 2017 quorum
664 1963 868 2016 cophinus
893 1963 1148 2018 faenumque
1172 1965 1374 2019 supellex,

139 2049 180 2080 15
249 2039 388 2080 omnis
411 2038 526 2079 enim
550 2038 706 2092 populo
731 2038 965 2079 mercedem
989 2039 1168 2093 pendere
1193 2040 1307 2081 iussa
1331 2046 1394 2081 est

251 2113 374 2155 arbor
397 2117 441 2154 et
464 2113 610 2154 eiectis
634 2114 848 2154 mendicat
873 2114 985 2154 silua
1011 2114 1287 2163 Camenis,—

250 2189 297 2229 in
321 2188 480 2229 uallem
503 2188 680 2243 Egeriae
705 2188 998 2230 descendimus
1023 2194 1066 2230 et
1090 2190 1312 2243 speluncas

249 2263 478 2305 dissimiles
502 2263 622 2304 ueris.
694 2268 854 2317 quanto
879 2265 1146 2317 praesentius
1170 2270 1280 2305 esset

249 2352 409 2380 numen
433 2338 568 2392 aquis,
592 2338 721 2379 uiridi
747 2339 782 2379 si
808 2339 999 2393 margine
1025 2339 1213 2380 eluderet
1239 2341 1372 2381 undas

178 2439 240 2468 168
263 2435 408 2466 indulsit
432 2444 491 2475 pro
515 2434 694 2465 indulserit
719 2433 885 2465 soloecum
909 2436 982 2471 est3
1006 2444 1113 2476 neque
1137 2435 1237 2473 enim,
1259 2438 1299 2468 ut
1316 2435 1398 2468 Silio
1419 2440 1535 2479 poetae
1558 2439 1650 2481 epico

112 2496 152 2519 ex
170 2485 312 2528 Vergilii
332 2485 525 2517 imitatione
537 2486 635 2522 iusso,
653 2485 699 2516 sic
718 2484 872 2516 quenali
888 2488 1078 2517 saturarum
1095 2486 1250 2528 scriptori
1265 2488 1400 2520 indulso
1413 2488 1520 2521 dicere
1537 2490 1645 2522 licuit.

107 2538 299 2579 praebuerit
322 2540 401 2569 ante
418 2538 536 2577 pueris
559 2535 720 2568 excidisse
743 2537 902 2578 suspicor,
923 2535 1078 2569 lacunam
1097 2537 1219 2569 deinde
1243 2538 1298 2570 uel
1317 2550 1355 2571 ex
1374 2542 1434 2572 165
1459 2541 1513 2573 uel
1529 2552 1569 2573 ex
1588 2544 1648 2574 140

112 2590 282 2633 expletam
383 2599 454 2622 non
480 2598 649 2629 umquam
672 2590 792 2623 GLOT,
817 2597 888 2620 non
913 2598 973 2621 um
1000 2599 1100 2631 supra
1127 2590 1252 2632 scripto
1275 2600 1382 2631 quam
1406 2592 1436 2623 V
1439 2593 1524 2631 ind.‚
1551 2603 1647 2626 num-

112 2651 220 2683 quam
241 2643 281 2681 A,
309 2651 379 2674 non
401 2650 593 2681 numquam
617 2642 685 2679 PU,
711 2651 776 2671 non
799 2641 956 2681 cuiquam
984 2641 1192 2680 Weidnerus,
1219 2646 1367 2684 praestat
1390 2646 1459 2676 ulli
1560 2646 1649 2677 inter

112 2697 174 2726 169
200 2695 234 2725 et
259 2697 321 2726 170
346 2692 473 2725 excidit
498 2691 682 2723 uersiculus
708 2692 802 2723 cuius
829 2702 945 2723 sensus
973 2692 1039 2724 fuit
1067 2697 1196 2725 sument
1222 2695 1397 2727 muliebres
1423 2697 1648 2738 Romanosque

110 2746 218 2778 cultus
233 2756 242 2784 ;
265 2755 346 2777 nam
361 2746 534 2777 mittentur
549 2747 637 2775 recte
653 2746 782 2775 ueteres
798 2742 942 2775 editores
960 2745 1151 2776 omittentur
1166 2745 1380 2788 interpretati
1397 2751 1477 2779 sunt

175 2825 216 2854 18
238 2823 441 2862 presentius
464 2820 567 2853 Vind.
591 2821 679 2852 sicut
702 2821 887 2852 coniecerat
911 2820 1112 2863 Grangaeus‚
1133 2831 1199 2862 pra
1222 2824 1340 2856 ceteris
1362 2825 1462 2856 erasis
1486 2826 1522 2863 P,
1547 2833 1646 2865 prae-

108 2874 267 2906 stantius
289 2871 352 2914 Ψρ
440 2877 480 2906 19
505 2874 607 2914 aquis
634 2874 668 2911 P,
697 2882 810 2912 aquae
834 2871 937 2904 Vind.
962 2872 998 2904 Ψ
