1947 3145
237 93 259 132 1
270 92 293 132 2
302 91 326 132 Ο
833 90 1159 131 IVVENALIS

367 208 513 262 arguit
537 208 725 262 ipsorum
749 220 854 261 quos
878 207 1026 247 littera
1051 219 1302 261 gemmaque
1326 207 1525 262 princeps

370 282 690 337 sardonychum,
715 281 866 322 loculis
891 294 1000 334 quae
1025 281 1265 322 custoditur
1288 274 1476 331 eburnis,

236 368 297 398 140
368 362 453 406 ten,
477 371 500 397 o
525 357 706 405 delicias,
731 360 851 396 extra
875 356 1120 396 communia
1145 370 1288 397 censes

368 431 625 485 ponendum,
650 430 753 484 quia
778 434 826 470 tu
850 429 1033 483 gallinae
1058 430 1175 472 filius
1199 431 1330 480 albae,

369 520 444 547 nos
469 506 575 546 uiles
598 505 706 559 pulli
731 505 824 544 nati
847 504 1091 546 infelicibus
1116 506 1239 546 ouis?

368 595 457 622 rem
481 581 638 634 pateris
663 580 872 620 modicam
897 585 940 620 et
964 580 1165 622 mediocri
1188 581 1272 622 bile
1296 581 1528 630 ferendam,

368 657 403 697 si
428 656 571 696 flectas
595 655 735 695 oculos
759 655 922 695 maiora
947 655 999 695 ad
1023 656 1213 697 crimina.
1283 657 1427 697 confer

235 742 296 774 145
365 731 624 772 conductum
649 729 870 779 latronem,
895 730 1090 771 incendia
1114 731 1287 784 sulpure
1311 736 1459 785 coepta

367 810 494 859 atque
519 805 627 853 dolo,
649 805 808 858 primos
832 818 931 845 cum
955 805 1084 845 ianua
1108 805 1272 860 colligit
1296 806 1440 860 ignes3

366 881 509 921 confer
533 884 576 920 et
599 880 685 928 hos,
710 880 867 920 ueteris
892 880 966 933 qui
992 880 1155 922 tollunt
1180 881 1358 935 grandia
1383 881 1534 935 templi

367 955 520 1010 pocula
545 955 781 995 adorandae
806 955 1011 1009 robiginis
1036 961 1078 996 et
1102 956 1355 1010 populorum

366 1032 476 1072 dona
502 1030 572 1070 uel
596 1030 777 1084 antiquo
802 1030 961 1083 positas
985 1044 1010 1070 a
1034 1043 1131 1085 rege
1156 1044 1354 1081 coronas3

232 1119 294 1150 150
364 1107 465 1147 haec
490 1105 549 1146 ibi
575 1105 612 1146 si
636 1118 721 1145 non
747 1109 861 1154 sunt,
886 1105 1026 1145 minor
1050 1110 1192 1147 exstat
1216 1106 1446 1161 sacrilegus
1471 1107 1545 1160 qui

366 1181 488 1222 radat
512 1180 697 1221 inaurati
722 1179 859 1220 femur
884 1180 1085 1221 Herculis
1109 1185 1152 1222 et
1176 1181 1328 1221 faciem
1352 1181 1488 1235 ipsam

366 1255 576 1310 Neptuni,
601 1256 674 1309 qui
699 1255 953 1296 bratteolam
978 1256 1028 1296 de
1055 1255 1228 1296 Castore
1253 1256 1405 1307 ducat;

368 1346 423 1372 an
447 1331 632 1379 dubitet,
657 1330 821 1379 solitus,
846 1334 989 1371 totum
1015 1330 1196 1371 conflare
1221 1331 1490 1372 Tonantem?

366 1407 509 1448 confer
533 1410 577 1447 et
602 1406 783 1446 artifices
808 1409 1170 1460 mercatoremque
1196 1407 1350 1447 ueneni

232 1494 295 1525 155
365 1487 410 1524 et
435 1481 729 1523 deducendum
753 1481 865 1521 corio
889 1481 1010 1521 bouis
1033 1481 1079 1521 in
1105 1495 1232 1530 mare,
1250 1495 1347 1522 011111
1372 1496 1455 1536 quo

365 1557 585 1599 clauditur
609 1556 800 1597 aduersis
823 1556 1000 1596 innoxia
1026 1557 1152 1597 simia
1177 1557 1287 1598 fatis.

366 1633 469 1673 haec
494 1635 624 1686 quota
649 1644 746 1685 pars
771 1631 987 1680 scelerum,
1013 1644 1119 1685 quae
1144 1636 1284 1672 custos
1311 1632 1501 1673 Gallicus
1526 1633 1644 1673 urbis

367 1720 499 1761 usque
524 1720 548 1747 a
573 1706 751 1747 lucifero
777 1705 909 1746 donec
934 1706 1009 1746 lux
1035 1706 1199 1747 occidat
1225 1706 1380 1748 audit?

368 1781 550 1823 humani
573 1781 740 1836 generis
764 1794 902 1821 mores
926 1781 1009 1821 tibi
1034 1795 1155 1822 nosse
1179 1781 1344 1823 uolenti

233 1869 295 1901 160
366 1857 523 1899 sufficit
547 1871 633 1897 una
658 1856 832 1897 domus:
866 1870 1022 1910 paucos
1047 1870 1245 1897 consume
1270 1857 1359 1898 dies
1385 1862 1428 1899 et

366 1932 501 1974 dicere
521 1936 563 1974 te
587 1932 804 1981 miserum,
827 1937 1056 1986 postquam
1071 1932 1192 1973 1111110
1218 1933 1397 1981 ueneris,
1419 1933 1540 1974 aude.

366 2008 462 2062 quis
487 2007 705 2049 tumidum
730 2012 883 2062 guttur
908 2008 1091 2048 miratur
1114 2008 1160 2048 in
1186 2008 1371 2062 Alpibus
1395 2014 1472 2050 aut
1497 2008 1594 2063 quis

365 2083 411 2123 in
436 2083 581 2124 Meroe
606 2096 744 2124 crasso
768 2083 970 2124 maiorem
995 2083 1160 2125 infante
1184 2084 1454 2125 mamillam?

299 2183 361 2211 139
392 2181 469 2220 post
499 2183 562 2211 140
594 2178 697 2210 habet
727 2180 753 2210 P
783 2178 841 2210 sed
872 2189 952 2211 corr.
1047 2184 1108 2211 139
1136 2181 1386 2212 sardonichum
1412 2181 1438 2212 P
1465 2179 1535 2213 flor.
1567 2179 1667 2222 sang.
1695 2182 1768 2219 GU,

235 2231 442 2263 sardonicus
472 2229 509 2261 Ψ
607 2235 669 2262 140
700 2232 783 2262 teno
814 2232 840 2262 P
871 2231 1006 2272 aliique,
1040 2233 1143 2263 teme
1173 2233 1215 2270 A,
1249 2235 1286 2264 te
1315 2241 1409 2263 nunc
1439 2231 1476 2263 Ψ
1573 2237 1634 2265 141
1666 2234 1773 2273 quid?

236 2281 455 2314 Heinrichius
543 2286 606 2314 142
625 2283 716 2314 uiles
737 2283 896 2321 PAGOU,
913 2284 997 2314 uilis
1018 2284 1099 2314 FL'I'
1201 2284 1291 2323 puni
1307 2284 1372 2320 ΡΑ,
1390 2285 1512 2324 populi
1528 2285 1598 2324 GU,
1619 2285 1772 2325 populus

235 2332 273 2365 Ψ
362 2337 424 2365 143
454 2334 600 2365 ferenda
627 2335 652 2365 P
741 2338 803 2366 153
834 2334 1041 2376 intmpunxi,
1073 2333 1153 2365 ordo
1185 2336 1235 2365 est
1262 2335 1352 2366 enim
1380 2345 1426 2366 an
1456 2338 1559 2366 totum
1590 2336 1769 2368 Tonantem

235 2385 376 2426 conflare
393 2385 526 2424 dubitet,
550 2386 610 2426 qui
623 2386 743 2425 femur
766 2386 923 2417 Herculis
946 2386 1061 2417 radere
1084 2387 1201 2417 solitus
1221 2388 1287 2418 est?
1313 2386 1371 2418 sed
1395 2386 1557 2419 delendus
1582 2390 1633 2419 est
1655 2397 1770 2419 uersus

235 2436 460 2468 alienissimus
488 2438 522 2467 et
544 2446 586 2467 ne
609 2436 656 2467 sic
680 2436 817 2478 quidem
841 2436 1038 2475 tolerabilis,
1068 2447 1168 2479 quem
1192 2437 1311 2468 melius
1336 2437 1576 2480 distinguendo
1599 2438 1633 2470 id
1661 2437 1769 2470 solum

233 2486 412 2526 lucramur,
433 2489 473 2518 ut
496 2487 718 2528 interpolator
742 2487 872 2529 aliquid
896 2492 1010 2519 tamen
1033 2493 1167 2520 secutus
1191 2499 1261 2520 esse
1284 2488 1440 2521 uideatur
1465 2489 1629 2529 (audierat
1652 2490 1770 2532 opinor

235 2537 419 2581 procliuem
442 2548 511 2570 esse
534 2538 696 2570 uitiorum
720 2540 890 2579 naturam)
913 2550 973 2571 nec
995 2539 1094 2581 plane
1115 2540 1287 2572 insanisse.
1337 2551 1416 2572 nam
1440 2540 1530 2583 quod
1553 2542 1663 2573 minor
1683 2544 1770 2573 extat

234 2591 414 2631 sacrilequs
429 2599 461 2621 u.
482 2590 542 2621 150
562 2590 666 2631 accipi
687 2590 808 2621 uolunt
829 2601 888 2632 pro
909 2592 1058 2622 cuculum
1079 2591 1168 2622 idem
1186 2591 1258 2633 (qui
1275 2601 1329 2623 uu.
1351 2591 1455 2625 147-9
1476 2592 1655 2633 significati
1675 2594 1771 2631 sunt)

236 2643 380 2674 ‘minores
408 2642 562 2682 sacrilegi
592 2641 662 2672 siue
693 2642 737 2672 ad
767 2643 881 2673 Ίηὶηιιε
907 2643 1120 2683 sacrilegium
1149 2643 1354 2682 descendunt,
1382 2653 1489 2685 neque
1521 2643 1681 2675 Latinum
1706 2643 1770 2675 hoc

236 2692 372 2725 uidetur
410 2695 444 2725 et
474 2703 515 2724 ne
546 2692 593 2724 sic
623 2693 759 2734 quidem
797 2693 1009 2735 intellegitur
1047 2704 1104 2726 cur
1135 2697 1195 2726 aut
1228 2698 1327 2736 poeta
1357 2698 1417 2726 aut
1446 2694 1667 2736 interpolator
1705 2695 1770 2727 sibi

235 2743 418 2777 dicendum
448 2744 588 2786 putarit,
624 2747 694 2775 tam
726 2744 859 2775 tumida
890 2746 1085 2786 praesertim
1117 2746 1277 2785 oratione,
1312 2746 1424 2777 minus
1458 2745 1668 2787 sacrilegium
1699 2757 1767 2779 non

236 2795 510 2828 reformidaturos
533 2806 588 2827 eos
611 2796 669 2837 qui
693 2795 892 2837 populorum
916 2795 1004 2827 dona
1028 2807 1044 2827 e
1069 2796 1205 2838 templis
1229 2796 1387 2829 tollentes
1410 2796 1510 2839 paulo
1533 2800 1611 2829 ante
1636 2796 1769 2830 inducti

235 2851 317 2880 sunt
404 2851 468 2881 158
483 2848 622 2880 occidat
637 2848 767 2885 PAGU,
787 2848 915 2879 occidit.
931 2848 1041 2880 FLO'I'
