1947 3145
249 112 273 156 7
282 114 306 154 8
843 109 1172 150 IVVENALIS

377 243 459 283 quo
484 230 591 270 mihi
617 235 670 278 te,
694 228 866 269 solitum
891 227 1019 268 falsas
1043 227 1211 282 signare
1236 226 1424 275 tabellas,

376 305 422 345 in
447 305 619 359 templis
644 317 749 357 quae
775 303 877 343 fecit
901 315 1005 342 auus
1029 307 1301 356 statuamque
1324 302 1515 356 parentis

375 384 475 420 ante
500 378 831 432 triumphalem?
900 390 995 430 quo,
1020 377 1056 417 si
1079 381 1317 418 nocturnus
1341 376 1511 417 adulter

244 465 304 496 145
374 458 564 507 tempora
590 452 819 494 Santonico
843 451 959 492 uelas
983 451 1182 506 adoperta
1206 451 1404 493 cucullo?

439 534 605 582 praeter
629 527 839 567 maiorum
863 527 1024 566 cineres
1048 531 1176 580 atque
1199 540 1291 567 ossa
1315 527 1479 567 uolucri

372 608 572 657 carpento
595 603 761 656 rapitur
785 602 957 656 pinguis
981 602 1228 651 Lateranus,
1252 606 1295 643 et
1319 602 1421 656 ipse,

372 679 460 732 ipse
484 682 622 718 rotam
647 676 876 731 adstringit
900 677 1138 717 sufflamine
1163 677 1298 717 mulio
1321 677 1481 725 consul,

370 758 494 794 nocte
520 752 704 806 quidem,
729 752 800 792 sed
824 752 946 792 Luna
973 751 1105 800 uidet,
1131 752 1203 792 sed
1228 752 1365 792 sidera
1390 757 1521 793 testes

239 839 300 871 150
368 827 602 869 intendunt
626 826 775 867 oculos.
848 827 1021 867 finitum
1046 832 1215 880 tempus
1239 827 1411 868 honoris

369 917 465 945 cum
489 902 628 951 fuerit,
653 902 767 942 clara
790 901 1028 942 Lateranus
1052 901 1145 943 luce
1169 902 1384 956 flagellum

369 982 509 1019 sumet
533 982 576 1018 et
600 990 824 1017 occursum
849 990 1087 1030 numquam
1112 977 1347 1031 trepidabit
1372 977 1499 1017 amici

367 1053 453 1093 iam
478 1052 591 1093 senis
615 1066 663 1093 ac
686 1052 809 1106 uirga
834 1052 949 1105 prior
972 1056 1132 1092 annuet
1155 1056 1285 1106 atque
1310 1052 1522 1106 maniplos

368 1128 503 1169 soluet
528 1131 570 1168 et
595 1127 795 1168 infundet
819 1127 1025 1168 iumentis
1050 1127 1207 1168 hordea
1231 1127 1363 1168 lassis.

234 1214 295 1244 155
365 1204 540 1252 interea,
565 1203 669 1243 dum
694 1203 861 1244 lanatas
885 1203 1120 1257 robumque
1144 1203 1374 1243 iuuencum

364 1292 480 1319 more
505 1279 673 1319 Numae
698 1278 846 1327 caedit,
872 1279 989 1319 Iouis
1013 1283 1113 1319 ante
1138 1278 1291 1319 altaria
1316 1278 1430 1319 iurat

366 1354 500 1395 solam
524 1353 719 1408 Eponam
743 1358 786 1394 et
811 1353 939 1394 facies
963 1353 1077 1394 olida
1101 1353 1155 1394 ad
1178 1353 1393 1407 praesepia
1416 1353 1563 1407 pictas.

364 1429 447 1478 sed,
471 1443 568 1470 cum
592 1429 823 1483 peruigiles
848 1429 988 1483 placet
1012 1429 1256 1470 instaurare
1280 1429 1473 1483 popinas,

294 1539 356 1566 142
379 1533 588 1575 interpunxi.
637 1543 700 1573 quo
723 1533 811 1564 mihi
837 1536 864 1564 te
889 1536 1078 1565 uersantem
1103 1534 1142 1564 in
1164 1534 1295 1572 templis
1318 1534 1425 1564 auitis
1455 1536 1484 1564 et
1514 1536 1588 1564 ante
1614 1536 1763 1565 statuam

223 1590 411 1627 paternam,
428 1586 640 1626 sifcclsczrz'zcs
656 1587 710 1617 es?
748 1596 820 1625 quo,
834 1586 865 1616 si
881 1586 1037 1616 adulter?
1081 1584 1122 1616 de
1139 1585 1259 1616 omisso
1277 1585 1455 1627 participio
1471 1584 1549 1616 uide
1565 1595 1621 1618 e.c.
1639 1585 1759 1618 Manil.

229 1646 268 1669 1v
286 1639 324 1669 63
343 1648 390 1680 sq.
411 1638 493 1678 quid
509 1647 679 1668 numerem
695 1647 825 1668 euersas
840 1637 934 1668 urbes
955 1662 961 1668 .
991 1661 998 1668 .
1027 1660 1034 1668 .
1062 1638 1162 1677 inque
1177 1647 1251 1677 roqo
1267 1637 1420 1668 Croesum
1436 1636 1578 1676 (scilicet
1588 1637 1760 1677 positum).

227 1689 371 1721 editores
387 1689 512 1731 partim
529 1689 599 1720 sine
617 1698 716 1720 sensu
732 1688 834 1719 uerba
849 1699 911 1728 quo
927 1689 1015 1719 mihi
1030 1691 1058 1719 te
1074 1688 1254 1729 separatim
1271 1688 1444 1730 accipiunt
1460 1688 1570 1730 (quasi
1591 1688 1763 1721 quenalis

226 1751 325 1773 causa
341 1744 463 1772 natura
479 1740 658 1772 Ponticum
675 1740 819 1779 crearit),
840 1740 965 1782 partim
982 1749 1045 1780 quo
1061 1740 1148 1771 mihi
1163 1743 1191 1771 te
1206 1740 1463 1780 solitumfalsas
1478 1741 1610 1780 sz'ynare
1626 1741 1763 1772 tabellas

226 1793 438 1835 coniungunt
476 1791 722 1830 absurdissime,
764 1791 817 1823 cui
853 1791 1016 1833 prauitati
1052 1791 1292 1823 conuenienter
1330 1791 1356 1822 F
1358 1790 1607 1823 riedlaenderus
1645 1790 1689 1823 ad
1726 1801 1759 1824 u.

228 1846 289 1875 144
333 1845 423 1884 ‘quo,
457 1845 487 1875 si
524 1843 634 1875 uelas'
667 1842 782 1884 inquit
818 1842 941 1874 ‘soviel
979 1842 1028 1873 als
1065 1853 1129 1883 quo
1164 1846 1192 1874 te
1229 1842 1366 1874 uelare.'
1425 1853 1530 1884 usque
1560 1842 1642 1875 adeo
1673 1842 1763 1875 nihil

226 1898 277 1927 est
314 1894 405 1937 quod
443 1894 603 1926 Nicolaus
643 1894 805 1926 Heinsius
843 1893 886 1926 ad
929 1893 1026 1926 Ouid.
1068 1893 1137 1926 her.
1181 1903 1211 1925 11
1254 1895 1294 1926 53
1347 1897 1401 1926 tot
1442 1894 1543 1926 huius
1580 1894 1762 1927 locutionis

226 1946 378 1989 exempla
416 1946 582 1988 congessit
611 1948 652 1978 ut
682 1956 787 1988 pauca
817 1945 954 1978 aliunde
988 1945 1134 1988 petenda
1170 1946 1250 1985 sint,
1287 1945 1383 1978 uelut
1413 1956 1453 1978 ex
1483 1945 1761 1979 adnotationibus

226 1999 388 2030 Gronouii
417 1997 460 2030 ad
491 1998 564 2030 8011.
594 2001 663 2029 nat.
693 1999 821 2040 quaest.
851 2006 863 2029 1
893 1999 932 2029 16
961 1998 990 2037 8,
1019 1997 1118 2029 diatr.
1154 2008 1185 2039 p.
1222 1999 1273 2037 57,
1306 1996 1440 2029 Bentlei
1467 1997 1510 2030 ad
1542 1998 1627 2030 Hor.
1659 1998 1757 2041 epist.

226 2059 239 2082 1
268 2052 285 2082 5
315 2052 379 2082 122
433 2060 539 2082 unum
570 2049 768 2088 adscribam,
798 2053 838 2081 ut
867 2059 919 2081 res
950 2049 1010 2081 fiat
1040 2054 1165 2091 aperta,
1196 2049 1272 2080 8011.
1304 2052 1408 2081 contr.
1439 2058 1452 2080 1
1483 2051 1502 2080 2
1535 2052 1551 2081 1
1579 2060 1643 2091 quo
1673 2051 1762 2082 mim·

224 2102 426 2141 sacerdotem,
461 2103 558 2133 cuius
589 2102 747 2142 precaria
781 2104 825 2132 est
858 2102 1014 2133 castitas?
1114 2102 1251 2132 solitum
1288 2101 1513 2143 participium,
1546 2101 1636 2133 sicut
1670 2101 1761 2144 apud

225 2152 384 2184 Senecam
415 2153 631 2184 enuntiatum
661 2152 843 2184 relatiuum
874 2156 909 2184 et
935 2163 990 2183 uu.
1020 2154 1080 2184 144
1109 2163 1156 2194 sq.
1178 2153 1322 2194 protasis
1349 2152 1598 2193 condicionalis,
1626 2163 1760 2185 causam

224 2204 393 2246 significat
423 2214 507 2245 quae
539 2203 734 2235 quenalem
765 2203 978 2245 prohibitura
1007 2204 1054 2235 sit
1076 2204 1257 2246 quominus
1281 2204 1459 2236 Ponticum
1483 2204 1572 2235 inter
1594 2205 1759 2236 maiorum

224 2256 432 2287 monimenta
469 2256 672 2297 spatiantem
718 2258 893 2297 tamquam
937 2258 1034 2287 tanto
1072 2266 1190 2297 genere
1236 2255 1378 2297 dignum
1415 2258 1601 2288 ueheretur.
1672 2255 1759 2288 illud

224 2307 354 2344 omitto,
380 2306 540 2338 festiuum
570 2307 665 2338 nobis
697 2306 840 2338 editores
871 2307 1025 2338 exhibere
1056 2307 1261 2348 signatorem
1288 2306 1375 2347 falsi,
1405 2307 1465 2349 qui
1494 2318 1562 2339 non
1592 2307 1692 2339 modo
1721 2307 1758 2339 in

224 2359 360 2401 templis
388 2359 443 2390 sed
469 2362 547 2391 ante
573 2362 723 2391 statuam
750 2359 1001 2401 triumphalem,
1030 2359 1092 2391 hoc
1116 2362 1167 2391 est
1190 2360 1226 2390 in
1250 2360 1382 2402 porticu
1405 2359 1468 2391 fori
1492 2360 1648 2401 Augusti,
1676 2359 1758 2392 cele-

223 2411 366 2442 berrimo
382 2410 454 2442 loco
472 2410 572 2449 (Plin.
594 2411 688 2452 epist.
708 2420 737 2442 11
756 2412 773 2444 7
792 2411 836 2450 7),
856 2421 938 2453 opus
962 2422 1110 2443 exercere
1134 2411 1239 2443 soleat
1327 2416 1389 2444 147
1413 2413 1596 2444 lateranus
1617 2413 1704 2445 SGU
1723 2416 1757 2444 et

223 2462 284 2494 sub
305 2473 367 2494 ras.
389 2463 424 2501 P,
445 2463 675 2502 damasippus
696 2461 745 2500 Ψ,
764 2466 945 2505 utrumque
966 2463 1117 2504 agnoscit
1133 2462 1172 2501 Σ,
1192 2474 1325 2495 causam
1342 2464 1459 2495 erroris
1471 2463 1704 2505 suppeditauit
1719 2474 1752 2497 u.

224 2516 285 2546 185
375 2518 437 2545 148
461 2515 655 2546 sufflamine
678 2516 786 2546 mulio
811 2516 931 2546 consul
955 2516 1015 2547 GU
1039 2514 1109 2546 flor.
1138 2515 1251 2557 Sang.‚
1280 2516 1458 2546 quenalis
1484 2518 1622 2555 correpte
1646 2516 1757 2548 mulio

223 2566 344 2598 consul
367 2565 498 2597 G.L.K.
526 2574 565 2596 vx
590 2576 621 2606 p.
650 2567 723 2603 231,
750 2568 945 2598 sufflamine
968 2568 1080 2598 multo
1104 2568 1225 2599 consul
1250 2567 1435 2599 Vaticanus
1458 2568 1553 2605 2810,
1577 2565 1648 2598 cod.
1669 2566 1751 2599 bibl.

223 2617 402 2659 Angelicae
418 2616 445 2647 T
463 2618 480 2647 6
499 2617 547 2655 17,
569 2616 639 2647 cod.
660 2617 741 2648 bibl.
759 2617 999 2649 Vallicellanae
1016 2618 1044 2649 E
1061 2619 1112 2656 31,
1133 2620 1198 2650 sub
1216 2619 1357 2650 flamine
1379 2619 1491 2650 multo
1510 2619 1631 2650 consul
1647 2617 1751 2650 Burn.

223 2670 296 2705 192,
312 2668 434 2700 consul
450 2667 566 2698 ceteris
583 2668 682 2699 erasis
698 2669 724 2699 P
740 2668 938 2709 glossemate
955 2679 1055 2710 supra
1071 2670 1195 2711 scripto
1211 2671 1295 2701 sicut
1310 2680 1419 2710 aya-5⁸0,
1434 2670 1546 2701 multo
1560 2670 1756 2702 sufflamine

222 2722 342 2752 consul
359 2718 432 2760 ¹11p,
451 2720 571 2751 consul
588 2720 782 2751 sufflamine
798 2722 910 2752 multo
926 2720 984 2752 alii
1072 2726 1134 2753 151
1155 2723 1339 2753 lateranus
1355 2722 1452 2757 PGU,
1470 2722 1700 2761 damasippus
1716 2719 1754 2752 Ψ

308 2775 370 2803 152
383 2779 574 2811 numquam
587 2771 716 2809 PAGU,
733 2780 908 2811 nusquam
921 2773 1030 2804 FLOT
1118 2777 1180 2804 155
1192 2774 1385 2812 robumque
1399 2773 1421 2804 S
1435 2771 1503 2803 flor.
1518 2771 1616 2813 sang.
1631 2775 1665 2804 et
1678 2773 1755 2812 (rob

221 2824 320 2862 eras.)
334 2824 370 2861 P,
389 2823 582 2863 rubumque
600 2823 671 2859 GU,
691 2824 905 2863 probumque
923 2825 958 2862 F,
977 2826 1188 2864 toruumque
1205 2823 1267 2864 ΨΡ
1355 2828 1417 2856 157
1434 2832 1582 2864 eponam
1598 2822 1748 2864 ΡΒΣΡῦ,

217 2884 374 2916 yponam
389 2872 426 2906 Ψ
