1947 3145
741 85 972 127 SATVRA
1009 86 1123 128 XIV
1599 87 1621 127 1
1633 87 1657 127 2
1665 88 1689 128 9

301 217 379 245 1160
401 204 525 258 prius
549 204 647 245 inde
672 203 847 245 domum
872 218 998 258 quam
1023 208 1115 245 tota
1140 204 1309 244 noualia
1335 217 1479 245 saeuos

302 280 349 320 in
373 283 546 320 uentres
570 279 736 327 abeant,
760 283 809 319 ut
833 279 973 320 credas
997 279 1174 320 falcibus
1197 284 1352 320 actum.

166 364 228 395 150
298 355 435 395 dicere
461 355 537 394 uix
560 353 694 408 possis
718 367 844 408 quam
868 354 998 395 multi
1022 355 1126 395 talia
1149 355 1314 408 plorent

304 434 347 471 et
372 433 478 484 quot
501 429 670 470 uenales
694 429 850 469 iniuria
874 429 1021 470 fecerit
1046 443 1175 484 agros.

302 505 376 546 sed
400 505 474 558 qui
498 517 716 552 semones,
740 517 867 558 quam
892 504 1010 544 foede
1034 504 1188 545 bucina
1212 505 1373 545 samael

300 585 309 600 ‘
329 579 434 634 quid
457 583 579 620 nocet
603 579 704 619 haec
722 579 760 619 2’
796 579 940 632 inquit
964 580 1182 620 ‘tunicam
1206 580 1314 620 mihi
1339 579 1449 620 malo
1474 578 1615 633 lupini

305 669 433 709 quam
457 655 494 695 si
518 667 585 694 me
610 658 701 694 toto
726 653 869 694 laudet
893 654 1052 694 uicinia
1075 668 1182 709 pago

168 741 230 771 155
303 730 447 785 exigui
471 729 585 770 ruris
608 729 865 783 paucissima
889 729 1001 769 farra
1025 730 1258 770 secantem?

306 805 468 846 scilicet
492 808 535 845 et
559 804 718 845 morbis
743 808 786 845 et
810 804 1032 845 debilitate
1055 806 1214 845 carebis

302 885 345 922 61
369 880 534 921 luctum
558 884 601 920 et
625 893 770 920 curam
794 880 977 935 effugies,
1001 884 1044 921 et
1070 885 1258 934 tempora
1282 881 1397 922 uitae

303 955 431 1010 longa
455 955 536 996 tibi
559 955 733 1009 posthac
758 955 846 995 fato
870 955 1040 995 meliore
1064 955 1292 1004 dabuntur,

302 1031 338 1072 si
363 1035 532 1072 tantum
557 1030 665 1071 culti
690 1029 804 1070 solus
828 1030 1060 1083 possederis
1083 1031 1174 1085 agri

172 1117 233 1147 160
303 1110 514 1160 quantum
540 1105 618 1146 sub
642 1105 763 1145 Tatio
786 1105 974 1158 populus
999 1106 1218 1146 Romanus
1243 1106 1399 1147 arabat.

306 1195 407 1222 mox
431 1181 562 1222 etiam
586 1181 733 1221 fractis
756 1184 895 1221 aetate
919 1194 966 1221 ac
992 1181 1152 1221 Punica
1175 1182 1309 1235 passis

300 1256 463 1311 proelia
487 1256 559 1296 uel
584 1256 800 1310 Pyrrhum
826 1255 1040 1296 inmanem
1066 1256 1312 1310 gladiosque
1336 1257 1543 1298 Molossos

302 1332 478 1373 tandem
502 1344 580 1385 pro
603 1330 755 1371 multis
781 1331 855 1370 uix
881 1331 1027 1385 iugera
1050 1331 1152 1371 bina
1178 1331 1387 1372 dabantur

304 1406 582 1448 uulneribus:
617 1419 774 1446 merces
798 1405 899 1446 11360
925 1406 1141 1460 sanguinis
1165 1410 1293 1460 atque
1318 1407 1475 1447 laboris

172 1493 232 1524 165
311 1482 421 1523 1111111
444 1482 539 1522 uisa
563 1494 771 1535 umquam
797 1481 964 1522 meritis
988 1482 1125 1522 minor
1149 1486 1224 1522 aut
1248 1482 1434 1537 ingratae

310 1561 429 1599 curta
454 1557 555 1598 fides
577 1557 749 1611 patriae.
821 1557 1038 1597 saturabat
1063 1557 1258 1611 glaebula
1283 1557 1380 1598 talis

312 1637 475 1687 patrem
499 1632 641 1686 ipsum
666 1632 921 1685 turbamque
945 1645 1075 1680 casae,
1099 1646 1182 1686 qua
1207 1632 1292 1673 feta
1316 1632 1481 1673 iacebat

310 1722 419 1749 uxor
442 1711 485 1748 et
509 1707 695 1748 infantes
720 1707 925 1748 ludebant
950 1711 1161 1760 quattuor,
1185 1721 1293 1747 unus

311 1782 500 1831 uernula,
524 1786 610 1823 tres
633 1781 822 1831 domini3
859 1781 931 1822 sed
955 1783 1119 1836 magnis
1143 1782 1341 1823 fratribus
1364 1782 1512 1822 horum

172 1868 234 1901 170
308 1873 333 1899 a
357 1858 496 1899 scrobe
520 1856 591 1897 uel
615 1856 729 1897 sulco
755 1857 1030 1897 redeuntibus
1054 1857 1189 1897 altera
1213 1870 1315 1898 cena

315 1933 494 1988 amplior
517 1936 559 1973 et
582 1932 759 1987 grandes
784 1931 1007 1972 fumabant
1030 1932 1226 1985 pultibus
1251 1932 1367 1972 ollae.

310 2022 421 2049 nunc
444 2008 595 2048 modus
619 2007 687 2047 1110
711 2007 802 2062 agri
826 2012 972 2048 nostro
997 2020 1081 2047 non
1107 2007 1263 2048 sufficit
1286 2008 1417 2048 horto.

311 2084 411 2124 inde
435 2083 521 2124 fere
546 2082 752 2123 scelerum
776 2095 935 2131 causae,
959 2096 1034 2122 nec
1057 2082 1182 2136 plura
1205 2096 1370 2123 uenena

307 2159 483 2200 miscuit
507 2162 584 2199 aut
608 2158 714 2198 ferro
738 2161 956 2212 grassatur
980 2158 1146 2212 saepius
1170 2158 1309 2198 ullum

177 2244 238 2277 175
308 2235 518 2275 humanae
542 2233 701 2274 mentis
724 2233 884 2274 uitium
909 2246 1037 2287 quam
1062 2246 1187 2273 saeua
1211 2234 1364 2287 cupido

302 2308 509 2350 inmodici
533 2321 693 2349 census.
763 2321 875 2357 nam,
898 2308 1017 2348 diues
1041 2308 1115 2361 qui
1141 2309 1233 2348 fieri
1257 2309 1366 2358 uult,

307 2389 351 2426 et
375 2384 461 2425 cito
486 2383 584 2428 uult
608 2383 723 2433 fieri3
759 2383 831 2424 sed
854 2396 961 2436 quae
985 2383 1226 2424 reuerentia
1249 2383 1403 2439 legum,

239 2545 301 2573 149
324 2540 456 2572 abeant
471 2539 502 2570 A
518 2537 651 2579 aliique,
671 2537 827 2568 habeant·
850 2535 924 2576 ΡΨ,
945 2538 1078 2568 abeunt
1098 2536 1167 2568 flor.
1190 2537 1340 2569 Parisino.
1429 2543 1490 2570 152
1509 2539 1609 2571 foede
1632 2539 1698 2578 PG,

168 2593 294 2627 foedae
318 2590 356 2623 Ψ
445 2594 506 2622 153
538 2590 625 2621 haec
655 2589 779 2627 PFGU,
809 2589 873 2620 hoc
900 2589 985 2620 ALO
1017 2591 1051 2620 et
1084 2599 1184 2630 supra
1208 2590 1371 2632 scriptum
1396 2591 1424 2622 T
1511 2591 1626 2630 lupini
1649 2589 1696 2628 Ψ,

168 2646 293 2685 lupina
307 2644 369 2682 Ps,
389 2643 549 2682 lupinam
563 2641 595 2672 A
683 2644 744 2672 158
768 2641 917 2680 posthae
939 2641 1007 2678 PA,
1027 2642 1108 2680 post
1123 2641 1210 2672 haec
1225 2639 1262 2672 Ψ
1352 2646 1414 2673 164
1434 2643 1520 2673 haec
1536 2643 1571 2680 P,
1592 2651 1634 2673 ea
1649 2640 1697 2680 Ψ,

167 2706 234 2738 qua
252 2693 458 2738 pronominis
478 2693 583 2724 forma
606 2693 705 2734 poeta
725 2701 792 2722 non
812 2691 923 2722 utitur
1011 2696 1072 2723 165
1091 2693 1180 2723 1111111
1204 2693 1261 2725 FU
1282 2692 1370 2724 sicut
1389 2693 1572 2725 coniecerat
1596 2693 1700 2724 Hein-

166 2747 301 2787 richius,
328 2746 437 2779 nullis
464 2743 529 2777 ΡΨ
556 2745 691 2785 propter
717 2743 854 2774 meritis.
906 2742 1067 2784 pluralem
1094 2743 1195 2775 huius
1219 2743 1378 2776 adiectiui
1403 2755 1462 2786 pro
1487 2744 1699 2776 substantiuo

167 2798 338 2831 quenalis
353 2808 421 2830 non
438 2796 551 2838 posuit
638 2797 703 2827 aut
723 2796 847 2834 PFOU,
866 2795 955 2826 haut
977 2795 1018 2834 A,
1038 2796 1135 2827 haud
1158 2796 1243 2828 GL'I'
1332 2800 1393 2828 168
1417 2797 1454 2828 et
1475 2795 1552 2828 add.
1572 2797 1598 2828 P
1621 2799 1699 2828 ante

165 2860 256 2883 unus
343 2854 405 2882 176
420 2848 587 2881 inmodici
601 2847 659 2879 ΡΑ
674 2846 808 2888 aliique,
828 2847 991 2878 indomiti
1007 2845 1044 2878 Ψ

1530 2907 1561 2936 Κ
