1947 3145
724 94 959 136 SATVRA
996 94 1093 134 XII

142 226 204 257 190
273 215 471 269 protinus
495 218 594 255 ante
613 226 757 254 meum
782 212 992 267 quidquid
1016 212 1131 253 dolet
1155 225 1262 252 exue
1286 211 1430 258 limen,

278 304 386 344 pone
411 290 583 331 dommn
608 294 652 330 et
677 302 819 329 seruos
844 293 887 330 et
911 287 1122 342 quidquid
1146 287 1363 342 frangitur
1388 287 1475 327 illis

278 370 355 407 aut
377 365 502 420 perit,
526 365 715 420 ingratos
739 368 839 404 ante
864 364 1008 404 omnia
1031 377 1138 417 pone
1162 363 1332 404 sodales.

280 441 442 481 interea
466 439 772 494 Megalesiacae
797 438 1040 492 spectacula
1064 452 1244 492 mappae

283 515 458 556 Idaeum
483 514 684 556 sollemne
708 513 868 562 colunt,
892 513 1129 567 similisque
1155 513 1376 567 triumpho

147 602 210 633 195
279 590 437 644 praeda
461 589 721 630 caballorum
745 593 916 642 praetor
940 588 1069 636 sedet,
1094 601 1152 636 ac,
1176 588 1285 628 mihi
1309 601 1410 642 pace

281 665 498 705 inmensae
521 664 763 717 nimiaeque
787 663 888 704 licet
912 663 947 703 si
973 663 1110 704 dicere
1135 663 1283 717 plebis,

282 744 418 782 totam
441 739 566 780 hodie
592 739 771 779 Romam
795 739 929 779 circus
953 738 1079 792 capit,
1102 742 1145 779 et
1169 739 1310 793 fragor
1333 752 1478 780 aurem

283 815 482 870 percutit,
506 818 711 855 euentum
735 814 888 854 uiridis
913 828 996 868 quo
1020 813 1172 868 colligo
1196 814 1339 867 panni.

282 905 393 939 nam,
418 891 453 931 si
478 890 686 938 deficeret,
710 894 916 930 maestam
940 889 1255 943 attonitamque
1279 889 1446 930 uideres

147 977 211 1008 200
282 967 392 1007 hanc
417 965 566 1006 urbem
590 964 729 1005 ueluti
755 964 1001 1005 Cannarum
1026 964 1071 1004 in
1096 964 1270 1017 puluere
1296 964 1423 1005 uictis

283 1040 537 1082 consulibus.
608 1044 797 1093 spectent
822 1039 1013 1087 iuuenes,
1037 1052 1140 1092 quos
1164 1039 1324 1079 clamor
1348 1044 1391 1080 et
1415 1039 1552 1080 audax

285 1115 466 1170 sponsio,
491 1128 596 1169 quos
619 1114 762 1155 cultae
787 1114 905 1155 decet
930 1114 1140 1154 adsedisse
1164 1113 1355 1168 puellae:

284 1195 431 1232 nostra
455 1190 576 1230 bibat
601 1203 783 1230 uernum
807 1194 1025 1230 contracta
1049 1189 1236 1229 cuticula
1261 1189 1391 1230 solem

284 1266 548 1321 effugiatque
573 1269 727 1319 togam.
798 1264 885 1304 iam
909 1278 1025 1305 nunc
1049 1264 1095 1304 in
1121 1264 1271 1304 balnea
1296 1264 1416 1304 salua

149 1352 213 1384 205
284 1341 423 1382 fronte
449 1340 550 1381 licet
576 1339 715 1388 uadas,
739 1352 998 1392 quamquam
1022 1338 1157 1379 solida
1182 1339 1286 1379 hora
1311 1339 1496 1393 supersit

285 1416 339 1458 ad
363 1420 537 1458 sextam.
608 1415 744 1455 faeere
769 1415 847 1455 hoc
872 1428 958 1454 non
982 1414 1117 1468 possis
1141 1415 1332 1468 quinque
1356 1415 1504 1455 diebus

284 1491 515 1541 continuis,
539 1490 641 1545 quia
665 1494 767 1531 sunt
793 1490 893 1531 talis
918 1503 1085 1544 quoque
1110 1490 1250 1530 taedia
1274 1491 1392 1531 uitae

286 1582 466 1623 magna:
502 1566 748 1621 uoluptates
772 1565 1041 1607 commendat
1067 1566 1198 1606 rarior
1222 1579 1332 1607 usus.

759 1855 964 1892 SATVRA
1004 1856 1085 1891 XII

289 1967 452 2016 Natali,
477 1965 672 2014 Coruine,
695 1965 761 2006 die
786 1965 896 2006 mihi
920 1965 1085 2006 dulcior
1110 1965 1213 2005 haec
1238 1964 1326 2012 lux,

288 2057 372 2098 qua
396 2042 530 2084 festus
552 2042 760 2096 promissa
784 2041 873 2082 deis
897 2041 1102 2081 animalia
1125 2053 1291 2094 caespes

288 2122 499 2173 expectat.
570 2117 742 2158 niueam
767 2117 938 2172 reginae
963 2117 1161 2158 ducimus
1184 2129 1353 2170 agnam,

289 2208 368 2249 par
390 2193 530 2234 uellus
554 2192 728 2233 dabitur
752 2192 964 2247 pugnanti
989 2192 1185 2246 Gorgone
1210 2191 1375 2239 Maura,

200 2281 219 2311 5
290 2269 364 2311 sed
387 2267 535 2323 procul
559 2272 783 2309 extensum
807 2267 1008 2321 petulans
1033 2267 1178 2321 quatit
1203 2266 1344 2307 hostia
1369 2265 1518 2306 funem

292 2343 471 2398 Tarpeio
496 2346 665 2383 seruata
691 2342 788 2383 Ioui
811 2342 1080 2396 frontemque
1105 2345 1309 2390 coruscat,

291 2420 450 2474 quippe
474 2418 591 2459 ferox
615 2418 783 2459 uitulus
807 2417 980 2472 templis
1004 2421 1200 2458 maturus
1224 2421 1267 2457 et
1291 2429 1385 2456 arae

292 2494 636 2550 spargendusque
661 2507 789 2542 mero,
813 2507 940 2547 quem
963 2493 1050 2533 iam
1074 2493 1207 2547 pudet
1231 2493 1362 2533 ubera
1387 2491 1539 2533 matris

1582 93 1673 134 109

222 2629 286 2658 195
309 2624 443 2665 praeda
464 2621 614 2662 Pszru,
634 2623 759 2663 predia
774 2623 814 2660 G,
833 2623 964 2663 praedo
976 2620 1014 2653 Ψ
1105 2626 1167 2654 199
1183 2621 1349 2653 deficeret
1365 2619 1441 2658 ΣΨ,
1459 2620 1628 2653 defecerit
1644 2621 1698 2652 PS

221 2678 363 2710 uideres
386 2675 433 2715 Ψ,
453 2676 594 2707 uideret
617 2675 642 2706 P
731 2678 793 2706 203
817 2675 993 2706 combibet
1015 2675 1194 2705 aestiuum
1215 2683 1242 2705 c.
1261 2682 1288 2705 c.
1306 2682 1324 2704 s
1341 2673 1442 2704 Prisc.
1463 2671 1594 2704 G.L.K.
1615 2680 1644 2703 11
1662 2682 1695 2713 p.

159 2729 232 2768 106,
248 2730 289 2761 ut
306 2726 477 2760 quenalis
493 2725 572 2757 libri
588 2724 691 2758 schol.
709 2725 796 2757 Pers.
815 2733 854 2756 1v
868 2726 907 2757 18
996 2729 1058 2757 208
1074 2726 1189 2757 rarior
1205 2724 1251 2764 Ψ,
1272 2726 1393 2765 parior
1408 2725 1459 2756 PS

224 2817 243 2846 1
260 2813 396 2845 dulcior
412 2812 500 2844 PAG
515 2811 606 2842 Seru.
621 2809 694 2842 buc.
713 2818 758 2841 111
772 2808 822 2849 76,
841 2810 956 2841 carior
971 2809 1092 2849 FLo'r,
1110 2808 1150 2840 de
1163 2810 1194 2841 U
1206 2808 1295 2840 nihil
1312 2810 1487 2840 enotatum
1504 2806 1610 2839 habeo

202 2868 222 2897 8
237 2866 348 2897 ubera
363 2864 490 2896 matris
507 2873 572 2894 om.
592 2863 618 2894 P
