1947 3145
767 80 1002 121 SATVRA
1039 81 1115 120 HI
1647 77 1705 122 17

305 202 459 242 horum
484 201 519 242 si
543 200 658 240 nihil
687 204 764 248 est,
788 200 933 240 auiam
957 199 1178 253 resupinat,
1203 198 1341 239 amici.

306 277 428 331 [scire
452 276 606 316 uolunt
631 280 791 316 secreta
815 274 969 315 domus
993 279 1122 329 atque
1147 274 1246 314 inde
1272 273 1445 327 himeri]

305 356 361 401 et,
386 351 592 405 quoniam
616 350 756 404 coepit
782 350 1038 391 Graecorum
1062 349 1236 397 mentio,
1261 349 1397 389 transi

172 437 235 469 115
304 426 528 482 gymnasia
552 430 680 479 atque
704 425 807 465 audi
833 425 998 466 facinus
1023 425 1194 465 maioris
1218 424 1393 465 abollae.

307 502 463 543 stoicus
487 501 642 542 occidit]
668 501 846 541 Baream
871 500 1034 541 delator
1057 500 1243 540 amicum

307 576 647 630 discipulumque
672 589 801 616 senex
826 576 918 629 ripa
943 576 1134 616 nutribus
1159 575 1204 615 in
1229 575 1305 615 illa

306 652 360 693 ad
384 666 514 706 quam
540 652 754 706 Gorgonei
778 651 949 705 delapsa
974 656 1036 692 est
1061 650 1196 704 pinna
1220 649 1384 691 caballi.

307 742 393 770 non
417 732 482 769 est,
506 729 699 768 Romano
723 728 926 781 cuiquam
951 727 1067 767 locus
1090 727 1172 775 hic,
1197 726 1270 766 ubi
1295 730 1448 780 regnat}

171 814 235 846 120
305 804 566 858 Probogenes
589 803 747 857 aliquis
771 802 839 843 uel
863 802 1070 856 Diphilus
1095 806 1169 842 aut]
1193 801 1494 849 Hermarchus,

307 878 382 933 qui
407 878 547 933 gentis
571 878 680 919 uitio
705 890 941 931 numquam
965 877 1154 930 partitur
1178 876 1375 924 amicum,

309 953 422 995 solus
447 954 588 994 habet.
659 966 759 993 nam
783 966 880 993 cum
904 952 1075 992 facilem
1099 951 1288 992 stillauit
1312 951 1357 991 in
1382 964 1528 991 aurem

308 1029 513 1083 exiguum
538 1028 590 1069 de
614 1032 793 1069 naturae
818 1027 1065 1081 patriaeque
1090 1041 1257 1068 ueneno

308 1104 459 1144 limine
484 1117 763 1151 summoueor,
787 1103 1010 1156 perierunt]
1036 1107 1226 1155 tempora
1251 1102 1368 1155 longi

174 1189 237 1221 125
306 1179 499 1230 seruitii3
535 1191 744 1232 nusquam
769 1178 910 1217 minor
935 1181 999 1218 est
1024 1178 1188 1218 iactura
1212 1177 1393 1218 clientis.

375 1254 487 1307 quod
511 1267 637 1307 porro
661 1253 858 1301 officium,
881 1266 934 1293 ne
958 1252 1080 1292 nobis
1106 1252 1312 1301 blandiar,
1336 1256 1410 1292 aut]
1435 1251 1547 1306 quod

308 1329 508 1383 pauperis
533 1329 602 1369 hic
627 1328 843 1375 meritum,
868 1327 904 1367 si
928 1331 1049 1368 curet
1074 1332 1196 1368 nocte
1222 1331 1393 1381 togatus

309 1417 485 1453 currere,
509 1417 609 1444 cum
632 1407 802 1457 praetor
825 1403 1019 1444 lictorem
1044 1402 1240 1456 impellat]
1264 1407 1306 1443 et]
1331 1402 1392 1443 ire

308 1479 588 1533 praecipitem
612 1478 757 1519 iubeat,
782 1477 943 1518 dudum
967 1477 1251 1532 uigilantibus
1276 1478 1399 1526 orbis,

176 1564 238 1597 130
308 1568 362 1595 ne
385 1554 502 1608 prior
525 1553 734 1594 Albinam
758 1558 801 1594 eb
826 1553 1019 1593 Modiam
1044 1552 1205 1607 collega
1230 1553 1421 1593 saluteb?

310 1630 460 1671 diuitis
484 1630 556 1670 hic
579 1643 701 1670 seruo
725 1629 862 1670 cludit
888 1629 1001 1669 latus
1024 1629 1309 1682 ingenuorum

310 1706 450 1756 filius3
484 1705 594 1746 alter
618 1705 745 1753 enim,
770 1708 982 1758 quanbum
1007 1704 1053 1744 in
1079 1704 1245 1758 legione
1271 1704 1436 1744 tribuni

309 1781 537 1835 accipiunt,
561 1780 691 1821 donat
718 1779 922 1820 Caluinae
947 1779 1016 1819 uel
1042 1778 1255 1828 Catienae,

311 1860 360 1897 ut
384 1856 514 1897 semel
537 1860 613 1897 auh
638 1855 795 1896 iberum
820 1868 947 1908 super
971 1854 1093 1894 illam
1116 1854 1329 1908 palpibeb3
1364 1859 1410 1895 ab
1435 1858 1498 1902 tu,

178 1942 240 1975 135
310 1946 410 1974 cum
434 1932 517 1973 bibi
541 1931 691 1973 uestiti
715 1931 842 1972 facies
867 1930 995 1971 scorti
1019 1930 1171 1984 placet,
1196 1930 1342 1970 haeres

311 2011 354 2049 eb
378 2007 550 2048 dubitas
574 2006 663 2048 alba
688 2006 882 2047 Chionen
907 2005 1110 2046 deducere
1135 2004 1248 2046 sella.

310 2082 364 2123 da
389 2086 543 2123 besbem
568 2081 728 2123 Romae
754 2086 843 2122 ‘cam
867 2084 1063 2121 sanetum
1087 2094 1219 2134 quam
1244 2080 1329 2121 fuit
1353 2080 1505 2134 hospes

312 2158 507 2199 numinis
532 2157 663 2206 Idaei,
687 2156 888 2210 procedat
912 2155 981 2196 uel
1007 2156 1152 2196 Numa
1176 2155 1245 2196 uel
1270 2155 1344 2209 qui

310 2233 502 2274 seruauit
525 2232 737 2286 trepidam
761 2231 961 2286 flagranti
985 2245 1037 2271 ex
1062 2230 1163 2271 aede
1187 2230 1456 2271 Mineruam:

176 2319 238 2351 140
306 2308 504 2362 protinus
528 2307 582 2347 ad
605 2320 790 2355 censum,
815 2306 866 2347 de
890 2306 1076 2346 moribus
1100 2305 1257 2346 ultima
1282 2306 1356 2347 fiet]

312 2383 515 2438 quaestio.
586 2386 606 2402 “
623 2386 727 2436 quot
752 2382 889 2436 pascit]
914 2383 1087 2422 seruos?
1156 2385 1260 2435 quot,
1284 2381 1471 2435 possidet,
1496 2381 1588 2436 agri

313 2459 490 2513 iugera?
560 2471 688 2511 quam
712 2457 852 2498 mulba
876 2470 1114 2511 magnaque
1138 2456 1364 2510 paropside
1387 2461 1511 2499 cenat]
1529 2459 1543 2498 2
1559 2457 1579 2471 ''

314 2538 529 2588 quantum
553 2532 734 2586 quisque
759 2545 834 2572 sua
858 2544 1131 2571 nummorum
1155 2535 1299 2573 seruat,
1322 2531 1368 2571 in
1393 2545 1488 2573 arca

314 2612 489 2651 tantum
513 2608 642 2648 habet]
666 2611 709 2647 et]
735 2606 845 2648 fidei.
915 2606 1028 2647 iures
1052 2605 1152 2647 licet
1177 2611 1220 2648 eb
1246 2606 1574 2648 Samothracum

245 2709 307 2738 112
337 2706 458 2737 auiam
495 2702 551 2736 ΡΣ
581 2702 684 2735 Vind.
716 2704 782 2741 OT,
817 2703 937 2734 aulam
962 2701 1000 2733 Ψ
1104 2707 1165 2734 113
1198 2702 1262 2734 del.
1295 2702 1476 2744 Pinzgerus
1578 2706 1641 2734 130
1671 2711 1714 2734 ne

179 2756 282 2789 Vind.
303 2755 352 2796 Ψ,
370 2766 434 2789 nec
451 2757 502 2788 Ps
591 2759 653 2787 131
677 2764 780 2787 seruo
797 2756 822 2787 P
840 2753 952 2793 Vind.,
973 2755 1068 2786 serui
1084 2753 1122 2786 Ψ
1211 2759 1274 2786 134
1290 2756 1356 2787 aut
1376 2755 1402 2787 P
1418 2753 1531 2793 Vind.,
1553 2756 1661 2795 atque
1676 2753 1714 2785 Ψ

267 2812 328 2841 141
352 2810 430 2849 agri
455 2807 558 2840 Vind.
583 2806 630 2847 Ψ,
651 2816 754 2847 agros
778 2808 804 2838 P
892 2811 954 2839 142
985 2808 1109 2847 iugera
1135 2817 1200 2839 om.
1232 2808 1258 2839 P
1344 2808 1532 2848 paropside
1559 2807 1585 2839 P
1612 2805 1714 2838 Vind.

181 2860 218 2899 ¹1¹,
238 2861 425 2900 parobside
443 2861 480 2900 G,
501 2860 692 2900 parapside
708 2859 802 2896 ALO,
821 2859 1012 2898 parabside
1028 2860 1059 2891 U

1557 2917 1580 2947 C
