1947 3145
735 85 969 127 SATVRA
1005 85 1075 126 IX
1610 88 1633 128 8
1644 86 1668 129 7

274 202 386 256 quod
410 207 555 243 tamen
579 203 633 243 ad
656 207 831 244 cantum
855 203 959 258 galli
986 203 1089 244 facit
1114 203 1185 244 ille
1212 204 1385 244 secundi

272 278 495 330 proximus
521 283 620 318 ante
646 278 758 318 diem
782 292 916 332 caupo
942 279 1057 328 sciet,
1081 279 1225 320 audiet
1249 284 1292 320 et
1318 292 1422 333 quae

273 353 494 394 finxerunt
517 353 677 407 pariter
700 353 890 402 libarius,
914 354 1199 408 archimagiri,

137 437 200 468 110
268 432 492 481 carptores.
563 428 675 482 quod
699 429 813 468 enini
838 428 1041 469 dubitant
1065 443 1313 483 componere
1337 430 1497 470 crimen

270 503 318 542 in
343 502 548 552 dominos,
572 503 771 557 quotiens
796 504 1039 544 rumoribus
1064 504 1329 545 ulciscuntur

271 577 445 618 baltea?
513 591 590 618 nec
613 578 724 618 derit
749 578 821 631 qui
847 583 888 618 te
913 592 990 632 per
1014 580 1202 633 compita
1226 584 1402 633 quaerat

270 652 488 693 nolentem
512 657 555 693 et
579 653 779 694 miseram
803 653 981 694 uinosus
1004 654 1187 695 inebriet
1211 668 1364 695 aurem.

271 727 370 768 illos
394 741 493 782 ergo
518 742 638 782 roges
662 728 873 782 quidquid
896 728 1024 782 paulo
1048 734 1148 771 ante
1174 730 1348 784 petebas

137 813 201 844 115
270 816 294 843 a
319 802 452 852 nobis,
477 807 647 844 taceant
670 803 746 844 illi.
818 804 890 844 sed
913 804 1086 857 prodere
1111 805 1282 846 malunt

271 891 485 927 arcanum,
510 892 638 932 quam
663 879 853 932 subrepti
876 883 1023 932 potare
1048 879 1223 920 Falerni

270 967 346 1007 pro
369 953 526 1007 populo
551 954 710 995 faciens
735 958 945 1008 quantum
971 954 1157 995 Saufeiia
1180 955 1363 996 bibebat.

270 1028 508 1069 uiuendum
532 1033 657 1078 recte,
680 1043 778 1070 cum
803 1033 975 1083 propter
998 1029 1198 1083 plurima,
1223 1034 1316 1071 tum
1341 1035 1404 1072 est
1428 1030 1495 1072 his

269 1104 444 1158 [idcirco
467 1108 516 1145 ut
539 1104 672 1158 possis
696 1104 888 1158 linguam
913 1109 1177 1145 contemnere
1201 1106 1344 1160 serui]

134 1190 196 1220 120
265 1179 490 1234 praecipue
514 1180 661 1229 causis,
687 1184 736 1220 ut
761 1180 930 1233 linguas
954 1180 1265 1234 mancipiorum

267 1258 542 1305 contemnas3
578 1268 678 1294 nam
702 1254 850 1309 lingua
875 1254 979 1294 mali
1002 1268 1101 1308 pars
1126 1256 1309 1309 pessima
1333 1257 1456 1298 serui.

268 1328 450 1371 deterior
474 1333 622 1370 tamen
647 1329 717 1369 hic
743 1330 817 1383 qui
840 1329 949 1370 liber
972 1343 1058 1370 non
1082 1330 1165 1371 erit
1189 1330 1277 1371 illis

266 1418 446 1460 quorum
470 1405 636 1445 animas
660 1409 703 1445 et
728 1405 837 1445 farre
863 1418 937 1445 suo
962 1405 1150 1446 custodit
1175 1411 1218 1447 et
1243 1419 1347 1448 aere.

331 1484 340 1500 ‘
357 1480 466 1521 utile
489 1480 718 1521 consilium
743 1480 880 1529 modo,
905 1480 977 1521 sed
1000 1494 1235 1530 commune,
1260 1482 1424 1523 dedisti.

131 1566 193 1597 125
263 1569 381 1597 nuno
404 1555 512 1596 mihi
538 1556 643 1610 quid
668 1556 816 1596 suades
841 1561 937 1609 post
962 1555 1169 1597 damnum
1195 1557 1399 1611 temporis
1422 1562 1465 1598 et
1490 1570 1584 1612 spes

263 1630 496 1685 deceptas?
565 1631 745 1672 festinat
769 1631 884 1672 enim
909 1631 1134 1681 decurrere,
1158 1632 1283 1673 uelox

263 1706 474 1756 flosculus,
496 1711 703 1760 angustae
728 1706 990 1760 miseraeque
1014 1707 1266 1748 breuissima
1291 1707 1408 1749 uitae

262 1781 429 1836 porti03
466 1781 570 1822 dum
594 1781 795 1829 bibimus,
819 1781 922 1821 dum
947 1786 1070 1830 serta,
1094 1786 1328 1836 unguenta,
1350 1782 1515 1837 puellas

262 1856 488 1911 poscimus,
513 1857 680 1910 obrepit
706 1871 791 1897 non
816 1856 1036 1897 intellecta
1060 1858 1278 1898 senectus!

130 1942 192 1973 130
328 1945 382 1972 ne
407 1931 588 1986 trepida,
613 1945 855 1985 numquam
879 1932 1078 1985 pathicus
1104 1932 1184 1973 tibi
1210 1932 1323 1974 derit
1348 1935 1511 1975 amicus

263 2007 480 2048 stantibus
505 2011 548 2048 et
572 2007 703 2048 saluis
729 2007 796 2047 his
819 2007 1024 2048 collibus:
1060 2007 1251 2061 undique
1276 2008 1330 2049 ad
1354 2009 1450 2050 illos

261 2082 527 2123 conueniunt
551 2087 594 2123 et
618 2083 832 2136 carpentis
855 2086 899 2123 et
923 2083 1107 2123 nauibus
1131 2096 1277 2124 omnes

191 2183 253 2212 107
269 2179 415 2211 secundi
438 2177 512 2218 ΡΨ,
541 2180 732 2211 secundum
759 2180 815 2211 GL
946 2183 1007 2211 109
1033 2180 1183 2210 libarius
1210 2190 1398 2222 anonymus
1422 2180 1458 2211 in
1486 2179 1662 2212 Plathneri

123 2231 225 2263 scidis
242 2241 330 2262 anno
348 2231 431 2263 1637
447 2231 582 2272 scriptis
599 2230 691 2271 (uide
708 2231 863 2272 Rupertii
879 2229 929 2262 ed.
947 2241 998 2262 an.
1017 2232 1097 2262 1801
1119 2231 1182 2262 1101.
1202 2240 1213 2262 1
1231 2242 1286 2273 pp.
1307 2231 1382 2263 00111
1397 2233 1471 2274 sq.),
1492 2233 1662 2265 librarius

125 2281 191 2316 ΡΨ
280 2287 342 2315 117
367 2284 505 2314 saufeia
527 2284 626 2322 PGU,
654 2284 788 2315 lauseia
810 2284 850 2320 A,
871 2284 1005 2315 laufela
1028 2284 1092 2321 Ῑ..Τ,
1113 2284 1260 2315 laufella
1284 2285 1310 2316 L
1333 2292 1373 2315 ex
1396 2294 1478 2316 corr.
1499 2287 1534 2316 et
1554 2284 1656 2316 Burn.

126 2336 189 2367 192
212 2334 346 2377 aliique,
374 2333 452 2365 uide
475 2343 515 2366 v1
540 2335 603 2365 320
691 2339 753 2366 118
777 2337 872 2366 recte
897 2332 944 2373 Ψ,
963 2336 1060 2366 recte
1081 2337 1137 2366 est
1159 2335 1217 2366 PA
1236 2334 1369 2377 aliique,
1391 2338 1447 2368 est
1467 2338 1563 2368 reete
1587 2336 1657 2368 fior.

125 2387 279 2418 Parisina
301 2386 426 2428 aliique
514 2387 591 2418 tum
614 2389 671 2418 est
691 2387 781 2425 hia*
798 2388 884 2418 tunc
906 2388 962 2418 est
984 2387 1051 2425 PA,
1072 2388 1158 2418 tunc
1179 2388 1249 2425 GU,
1269 2389 1356 2419 tunc
1376 2388 1433 2419 his
1456 2389 1514 2420 0¹1·
1535 2390 1569 2420 et
1592 2389 1664 2427 (his

123 2438 160 2470 in
184 2448 246 2470 ras.
270 2448 360 2470 man.
382 2438 415 2476 2)
439 2438 476 2475 L,
502 2440 581 2470 tum
603 2439 659 2469 his
682 2438 830 2480 quinque
858 2438 1023 2479 Rupertii.
1072 2441 1151 2469 tanc
1173 2437 1339 2470 soloecum
1364 2442 1424 2478 est,
1454 2438 1533 2471 uide
1557 2439 1661 2471 Lach-

124 2499 289 2522 mannum
315 2489 358 2521 ad
386 2488 480 2520 Lucr.
511 2498 523 2520 1
550 2491 621 2520 130.
667 2490 720 2520 his
747 2491 856 2521 causis
882 2488 925 2520 ad
952 2488 1186 2531 praecedentes
1208 2500 1325 2522 uersus
1347 2490 1493 2532 respicit,
1518 2501 1661 2533 quorum

123 2541 329 2574 sententiam
359 2540 507 2572 breuiter
537 2540 829 2582 comprehendunt
859 2540 980 2572 deinde
1011 2539 1142 2572 adiecta
1172 2544 1208 2572 ut
1245 2543 1380 2582 linquas
1414 2543 1660 2583 mancipiorum

124 2596 309 2626 contemnas
390 2597 451 2625 119
468 2591 532 2624 del.
548 2591 719 2631 Pithoeus,
737 2592 791 2624 hic
808 2595 941 2634 ponunt
956 2594 1023 2631 PA,
1041 2595 1118 2634 post
1134 2594 1195 2624 123
1212 2591 1250 2624 Ψ
1330 2595 1464 2634 possim
1481 2595 1507 2626 L
1522 2593 1655 2635 aliique,

124 2645 165 2677 de
196 2646 226 2678 G
250 2644 340 2676 nihil
367 2646 542 2676 enotatum
570 2644 676 2675 habeo
780 2649 843 2676 121
873 2654 957 2676 nam
979 2643 1026 2682 Ψ,
1052 2653 1115 2676 nec
1139 2645 1174 2684 P,
1203 2644 1292 2687 quod
1320 2645 1379 2687 qui
1403 2645 1438 2677 in
1463 2647 1660 2677 contextum

123 2699 322 2739 receperunt
345 2695 446 2728 huius
470 2696 591 2727 aetatis
615 2695 768 2735 editores,
789 2695 954 2738 explicare
977 2695 1234 2737 supersederunt
1322 2701 1385 2729 122
1406 2706 1475 2729 non
1499 2698 1569 2729 erit
1588 2697 1662 2728 illis

125 2747 175 2787 Ψ,
201 2749 344 2781 nouerit
367 2749 448 2780 illos
475 2749 534 2780 PA
629 2752 691 2780 132
722 2749 938 2780 conueniunt
962 2745 1000 2778 Ψ
1024 2747 1128 2779 schol.
1158 2748 1236 2779 Luc.
1262 2757 1318 2780 v11
1347 2748 1419 2787 726,
1449 2749 1660 2781 conuenient

125 2798 222 2833 ΡΣΔ.
280 2799 359 2831 uide
391 2799 465 2831 Tac.
495 2809 570 2830 ann.
602 2807 653 2830 xv
682 2800 722 2830 44
750 2801 769 2830 4
795 2799 908 2831 urbem
937 2824 943 2830 .
974 2823 980 2831 .
1010 2823 1017 2830 .
1044 2809 1106 2840 quo
1132 2803 1249 2831 cuncta
1275 2801 1422 2841 undique
1449 2801 1574 2832 atrocia
1600 2803 1661 2831 auc

118 2852 281 2892 pudenda
296 2851 467 2891 confluunt
