1947 3145
752 103 984 143 SATVRA
1018 102 1059 142 V
1607 103 1632 144 3
1643 103 1666 143 1

157 232 199 262 40
269 221 349 270 uel,
374 221 410 262 si
435 220 603 275 quando
628 220 763 269 datur,
787 225 929 262 custos
953 220 1117 261 adfixus
1141 220 1312 269 ibidem,

270 296 346 351 qui
370 300 567 337 numeret
592 309 793 350 gemmas,
818 309 982 350 ungues
1007 296 1201 336 obseruet
1225 302 1383 338 acutos.

269 371 323 412 da
347 371 543 412 ueniam:
580 370 792 424 praeclara
816 371 884 410 illi
909 370 1110 411 laudatur
1133 371 1273 425 iaspis.

269 460 370 487 nam
394 446 536 494 Virro,
559 450 607 486 ut
631 445 773 494 multi,
798 459 987 500 gemmas
1012 445 1067 486 ad
1091 446 1243 500 pocula
1262 446 1469 489 transfert

269 536 293 562 a
317 521 478 576 digitis,
503 534 608 574 quas
631 521 678 560 in
701 521 882 575 uaginae
906 521 1044 562 fronte
1069 521 1229 562 solebat

158 607 199 637 45
269 609 423 650 ponere
448 595 642 650 zelotypo
667 596 836 636 iuuenis
860 596 1075 650 praelatus
1100 597 1263 638 Iarbae.

270 676 320 713 tu
343 671 638 712 Beneuentani
663 671 820 712 sutoris
844 685 999 712 nomen
1025 673 1256 714 habentem

271 746 445 788 siccabis
463 746 639 787 calicem
664 760 865 787 nasorum
891 752 1094 801 quattuor
1116 761 1164 788 ac
1188 749 1275 789 iam

271 825 521 876 quassatum
546 826 589 863 et
613 826 741 876 rupto
759 826 1003 876 poscentem
1029 822 1205 877 sulpura
1229 824 1344 865 uitro

270 897 305 938 si
330 897 573 938 stomachus
598 897 763 938 domini
789 897 927 938 feruet
953 898 1140 952 uinoque
1165 899 1354 954 ciboque,

159 982 201 1013 50
270 972 465 1026 frigidior
490 972 650 1013 Geticis
673 973 837 1026 petitur
861 972 1032 1014 decocta
1057 973 1248 1026 pruinis:

272 1061 357 1088 non
382 1047 529 1088 eadem
553 1047 675 1088 uobis
699 1047 801 1101 poni
826 1047 950 1088 modo
975 1048 1079 1089 uina
1103 1050 1338 1102 querebar?

273 1136 349 1164 uos
372 1122 502 1163 aliam
527 1123 686 1176 potatis
710 1137 876 1176 aquam.
948 1123 1031 1164 tibi
1054 1125 1204 1178 pocula
1228 1139 1372 1166 cursor

273 1197 483 1239 Gaetulus
508 1198 630 1239 dabit
654 1203 730 1239 aut
755 1198 869 1253 nigri
895 1212 1047 1239 manus
1071 1213 1187 1240 ossea
1212 1200 1358 1241 Mauri

272 1278 316 1314 et
340 1273 409 1314 cui
433 1287 508 1327 per
531 1273 718 1313 mediam
743 1273 855 1314 nolis
880 1287 1096 1315 occurrere
1120 1280 1288 1316 noctem

159 1358 200 1390 55
270 1348 455 1390 cliuosae
480 1348 647 1389 ueheris
672 1348 776 1388 dum
801 1362 875 1402 per
900 1355 1179 1390 monumenta
1204 1351 1406 1392 Latinae:

272 1424 348 1465 fios
370 1424 500 1465 Asiae
524 1428 625 1464 ante
649 1424 802 1477 ipsum,
826 1424 965 1477 pretio
989 1425 1148 1465 maiore
1173 1430 1351 1479 paratus

272 1512 400 1553 quam
426 1499 511 1539 fuit
535 1503 579 1540 et
604 1499 720 1539 Tulli
744 1512 893 1539 census
918 1500 1127 1554 pugnacis
1152 1505 1196 1542 et
1220 1501 1334 1542 Anci

273 1580 328 1623 et,
354 1587 407 1614 ne
432 1579 474 1615 te
498 1578 679 1622 teneam,
704 1574 995 1615 Romanorum
1021 1575 1164 1616 omnia
1189 1589 1339 1631 regum

273 1649 440 1690 friuola.
512 1649 626 1703 quod
649 1662 747 1689 cum
771 1649 833 1689 ita
857 1649 925 1698 sit,
950 1654 998 1690 tu
1024 1649 1257 1691 Gaetulum
1284 1652 1578 1707 Ganymedem

163 1735 202 1765 60
271 1725 442 1779 respice,
467 1739 563 1766 cum
589 1724 719 1765 sities.
792 1725 927 1766 nescit
952 1729 1018 1766 tot
1042 1725 1221 1767 milibus
1245 1732 1418 1782 emptus

273 1800 531 1854 pauperibus
554 1800 731 1840 miscere
748 1812 879 1853 puer;
915 1800 987 1840 sed
1011 1800 1156 1850 forma,
1181 1802 1253 1842 sed
1277 1807 1392 1844 aetas

274 1874 404 1929 digna
428 1874 680 1928 supercilio:
717 1874 888 1928 quando
913 1874 966 1915 ad
990 1880 1033 1916 te
1056 1877 1256 1929 peruenit
1280 1877 1386 1919 ille?

275 1951 444 2006 quando
468 1956 642 2007 rogatus
665 1951 786 1992 adest
810 1951 972 1992 calidae
996 1952 1243 2006 gelidaeque
1267 1954 1497 1997 minister?

275 2027 433 2081 quippe
455 2027 707 2082 indignatur
731 2027 866 2067 ueteri
889 2040 1037 2081 parere
1060 2028 1210 2069 clienti

166 2113 206 2144 65
276 2102 472 2156 quodque
497 2102 662 2156 aliquid
685 2116 831 2156 poscas
856 2107 898 2143 et
923 2102 1036 2156 quod
1061 2116 1103 2144 se
1129 2107 1271 2145 stante
1295 2106 1524 2149 recumbas.

276 2178 482 2232 [maxima
506 2191 699 2232 quaeque
723 2177 872 2218 domus
896 2179 1029 2219 seruis
1053 2182 1117 2219 est
1141 2179 1268 2233 plena
1292 2182 1495 2235 superbis.

275 2266 366 2294 ecce
389 2253 499 2294 alius
523 2258 682 2307 quanto
707 2254 899 2307 porrexit
923 2267 1139 2295 murmure
1164 2268 1319 2308 panem

276 2328 353 2369 uix
376 2328 573 2377 fractum,
597 2327 756 2368 solidae
779 2329 865 2368 iam
890 2329 1059 2369 mucida
1083 2329 1220 2370 frusta
1246 2330 1420 2381 farinae,

276 2416 384 2458 quae
408 2403 644 2459 genuinum
670 2404 849 2458 agitent,
874 2417 959 2444 non
984 2404 1263 2447 admittentia
1287 2421 1484 2449 morsum.

166 2488 206 2522 70
275 2478 347 2520 sed
372 2483 494 2519 tener
518 2482 560 2519 et
585 2479 737 2519 niueus
762 2478 966 2532 mollique
990 2480 1161 2535 siligine
1180 2481 1304 2523 fictus

205 2619 247 2647 42
269 2615 323 2646 illi
345 2615 372 2646 P
395 2614 465 2646 flor.
487 2613 586 2655 Sang.
607 2612 740 2655 aliique,
768 2615 842 2645 illic
864 2613 901 2645 Ψ
925 2617 959 2646 et
982 2617 1022 2647 ut
1044 2615 1180 2648 uidetur
1203 2617 1319 2657 Vinci„
1340 2619 1479 2652 fortasse
1502 2625 1600 2661 recte,
1621 2621 1678 2654 sed

141 2665 297 2698 datiuum
325 2667 418 2706 (auro
445 2666 515 2697 siue
542 2665 674 2707 poculo)
699 2664 874 2697 defendere
898 2665 1035 2698 uidetur
1059 2668 1200 2708 Cyaneis
1222 2678 1274 2701 XV
1297 2672 1347 2702 20.
1397 2671 1438 2703 de
1461 2672 1680 2715 brachylogia

142 2719 307 2750 laudatur
329 2719 434 2758 iaspis
457 2728 516 2759 pro
537 2720 580 2748 est
603 2718 717 2756 iasJJiS,
739 2718 879 2748 laudari
901 2719 999 2749 solita
1022 2718 1100 2751 uide
1116 2720 1215 2762 Verg.
1236 2721 1319 2754 Aen.
1341 2731 1354 2754 1
1373 2725 1443 2761 109,
1462 2733 1501 2756 V1
1526 2726 1588 2757 106
1611 2735 1675 2767 sq.,

142 2768 257 2801 Madu.
275 2768 404 2801 emend.
425 2769 498 2801 Liu.
520 2777 613 2800 xxxi
637 2771 656 2799 2
674 2770 692 2800 6
781 2773 821 2800 51
845 2768 908 2800 del.
931 2770 1110 2812 Pinzgerus
1198 2777 1238 2805 63
1262 2777 1339 2815 post
1363 2779 1404 2808 64
1424 2779 1557 2817 ponunt
1580 2777 1636 2809 Po

229 2825 269 2854 63
292 2823 440 2861 rogatus
462 2822 488 2853 P
505 2819 607 2851 Vind.
627 2821 696 2859 Ao,
717 2823 866 2853 uocatus
889 2820 927 2852 Ψ
1016 2827 1056 2854 66
1073 2822 1137 2855 del.
1158 2823 1376 2857 Heinriehius
1464 2831 1504 2859 ’το
1527 2828 1634 2861 fictus
1648 2827 1680 2860 A

144 2871 228 2904 Brit.
251 2874 355 2905 15600
372 2875 406 2905 et
423 2874 462 2904 15
480 2872 508 2904 Β
524 2880 634 2911 xviii,
654 2873 772 2904 factus
789 2871 890 2904 vind.
912 2871 958 2911 Ψ,
977 2873 1063 2906 illud
1079 2875 1115 2906 in
1131 2875 1194 2907 hoc
1211 2886 1291 2909 corr.
1312 2881 1370 2909 aut
1387 2878 1412 2910 P
1428 2881 1489 2911 aut
1504 2888 1528 2919 p
