1947 3145
733 98 968 139 SATVRA
1004 97 1070 138 VI
1609 97 1633 136 3
1644 94 1668 139 7

271 215 471 257 uiderunt
495 216 655 271 primos
680 220 880 270 argentea
905 215 1072 256 saecula
1096 215 1300 256 moechos.

159 302 202 334 25
271 296 532 333 conuentum
557 296 702 332 tamen
727 295 770 331 et
794 295 968 345 pactum
993 295 1036 331 et
1062 289 1276 344 sponsalia
1300 293 1447 330 nostra

275 371 530 422 tempestate
553 380 687 421 paras,
712 367 882 420 iamque
906 381 931 406 a
956 371 1126 407 tonsore
1151 366 1358 421 magistro

274 443 466 496 pecteris,
489 446 533 483 et
558 442 696 496 digito
719 442 877 496 pignus
902 442 1079 482 fortasse
1104 441 1271 482 dedisti.

275 522 390 559 certe
413 531 542 558 sanus
565 531 666 558 eras.
738 530 923 566 uxorem,
947 517 1159 565 Postume,
1185 516 1338 557 ducis?

277 592 346 635 dic
369 607 453 647 qua
477 593 720 647 Tisiphone,
745 592 900 646 quibus
924 593 1138 646 exagitere
1162 591 1357 633 colubris.

163 678 205 709 30
274 668 384 709 ferre
407 672 527 722 potes
552 668 769 708 dominam
794 667 924 708 saluis
949 672 1014 708 tot
1039 667 1224 708 restibus
1249 667 1394 715 ullam,

275 757 373 784 cum
396 747 575 798 pateant
598 743 710 784 altae
734 742 1052 797 caligantesque
1076 742 1298 791 fenestrae,

276 832 372 860 011111
396 819 479 859 tibi
503 818 697 859 uicinum
722 831 764 859 se
788 819 989 872 praebeat
1013 817 1227 858 Aemilius
1250 819 1387 871 pons?

277 899 365 943 aut,
389 894 427 934 si
451 893 501 934 de
526 893 677 934 multis
702 893 845 934 nullus
870 893 1012 947 placet
1035 893 1188 941 exitus,
1213 892 1322 932 illud

277 982 421 1010 nonne
444 973 571 1023 putas
596 968 760 1017 melius,
784 968 897 1022 quod
923 974 1063 1009 tecum
1087 968 1209 1022 pusio
1235 967 1424 1008 dormit?

166 1054 206 1085 35
277 1044 412 1098 pusio,
435 1044 510 1098 qui
534 1048 665 1084 noctu
690 1056 775 1084 non
800 1043 959 1097 litigat,
983 1043 1120 1097 exigit
1145 1057 1169 1083 a
1194 1047 1237 1083 te

278 1119 401 1160 nulla
424 1119 564 1160 iacens
588 1119 679 1160 illic
702 1118 969 1166 munuscula,
993 1132 1070 1158 nec
1095 1118 1287 1171 queritur
1313 1116 1426 1171 quod

279 1199 322 1236 et
346 1194 471 1235 lateri
495 1207 644 1248 parcas
669 1207 746 1234 nec
771 1198 983 1247 quantuni
1009 1193 1136 1233 iussit
1161 1192 1344 1233 anheles.

345 1269 418 1310 sed
441 1269 583 1323 placet
607 1268 782 1309 Vrsidio
806 1268 876 1308 lex
903 1268 1028 1317 Iulia,
1054 1268 1202 1308 tollere
1228 1267 1394 1308 dulcem

278 1345 440 1399 cogitat
466 1343 677 1392 heredem,
701 1343 913 1384 cariturus
939 1348 1109 1384 turture
1134 1356 1288 1397 niagno

165 1431 208 1462 40
277 1419 596 1474 mullorumque
620 1419 737 1460 iubis
761 1423 804 1459 et
829 1423 1044 1472 captatore
1068 1418 1256 1458 macello.

279 1495 383 1550 quid
409 1495 502 1536 fieri
526 1508 612 1536 non
635 1507 756 1548 posse
780 1498 916 1548 putes,
941 1493 976 1534 si
1001 1493 1198 1548 iungitur
1223 1493 1312 1533 ulla

278 1570 484 1611 Vrsidio?
553 1570 589 1611 si
613 1570 886 1610 moechorum
911 1569 1161 1610 notissimus
1186 1569 1288 1609 olim

278 1645 416 1687 stulta
439 1645 631 1686 maritali
657 1645 743 1685 iani
768 1645 953 1699 porrigit
978 1658 1050 1684 ora
1075 1644 1273 1697 capistro,

279 1735 408 1776 quem
432 1721 591 1762 totiens
616 1721 727 1761 texit
752 1720 934 1774 perituri
959 1720 1065 1760 cista
1090 1719 1267 1760 Latini?

165 1807 208 1838 45
278 1797 383 1851 quid
407 1797 519 1851 quod
543 1802 586 1837 et
611 1796 802 1850 antiquis
827 1809 933 1836 uxor
958 1794 1009 1835 de
1033 1795 1225 1835 moribus
1250 1794 1316 1834 illi

278 1872 533 1926 quaeritur?
601 1885 625 1912 o
650 1871 816 1920 medici,
840 1871 1020 1910 nimiam
1045 1869 1293 1923 pertundite
1317 1882 1478 1910 uenam.

277 1947 453 1988 delicias
477 1947 691 1987 hominis!
760 1946 987 2000 Tarpeium
1012 1945 1144 1986 limen
1170 1945 1296 1986 adora

277 2035 438 2077 pronus
462 2027 506 2063 et
530 2026 727 2063 auratam
753 2021 913 2062 Iunoni
937 2020 1060 2062 caede
1086 2021 1323 2068 iuuencam,

279 2098 315 2138 si
340 2097 422 2138 tibi
446 2097 678 2152 contigerit
703 2096 855 2150 capitis
879 2100 1076 2136 matrona
1099 2095 1256 2149 pudici.

166 2183 206 2215 50
275 2186 436 2227 paucae
460 2172 563 2214 adeo
588 2172 739 2213 teretis
762 2172 898 2213 uittas
922 2171 1169 2225 contingere
1193 2170 1358 2225 dignae,

209 2256 249 2285 25
266 2254 304 2284 et
319 2251 463 2284 alterum
480 2261 543 2283 om.
561 2252 616 2284 Po
696 2254 737 2282 28
753 2252 853 2283 ducis
870 2251 1001 2288 PATU,
1016 2251 1123 2281 duces
1140 2250 1250 2281 FGLO
1333 2252 1373 2280 29
1386 2249 1514 2289 quibus
1527 2259 1591 2280 om.
1608 2249 1633 2280 P
1650 2250 1684 2279 et

142 2307 219 2347 post
234 2305 402 2344 amquam
418 2303 566 2345 spatium
582 2303 731 2344 quinque
754 2302 945 2334 litterarum
968 2301 1106 2343 reliquit
1194 2301 1374 2341 exagitem
1398 2302 1425 2333 Ο
1448 2300 1585 2342 aliique,
1604 2309 1684 2332 exa-

140 2357 278 2396 gitte÷÷÷
302 2356 344 2393 U,
361 2355 545 2395 exagitare
569 2353 643 2393 ΡΨ,
665 2364 732 2395 qua
755 2353 939 2395 praesentis
961 2352 1139 2384 indicatiui
1158 2352 1264 2383 forma
1286 2352 1383 2394 pauci
1399 2354 1632 2393 praeterquam
1648 2352 1684 2382 in

142 2407 254 2439 uerbis
278 2406 527 2449 deponentibus
549 2405 602 2437 usi
626 2407 716 2444 sunt,
738 2404 909 2436 quenalis
933 2415 975 2436 ne
991 2404 1025 2435 in
1043 2404 1096 2435 his
1112 2403 1249 2445 quidem
1338 2408 1379 2436 34
1403 2406 1437 2435 et
1460 2408 1501 2435 35
1524 2404 1627 2444 pusio
1646 2401 1684 2434 Ψ

142 2459 271 2491 Probus
287 2458 416 2498 Vallae,
435 2458 568 2498 pungio
585 2455 667 2489 Psz
685 2456 825 2495 (scilicet
841 2456 1004 2497 scriptum
1024 2454 1129 2486 fuerat
1140 2455 1288 2495 punsio),
1309 2455 1415 2495 pugio
1435 2455 1459 2486 F
1541 2459 1582 2486 35
1605 2463 1685 2487 exa·

142 2512 284 2551 gitatue
308 2511 335 2542 P
422 2514 463 2542 46
479 2510 626 2541 nimiam
643 2509 736 2547 PFT,
754 2509 907 2540 mediam
923 2506 960 2538 Ψ
1049 2511 1090 2539 50
1109 2506 1271 2545 teretia*
1287 2507 1417 2538 cereris
1433 2505 1509 2538 ΡΨ.
1561 2507 1687 2538 Cereris

143 2564 248 2594 uittas
259 2562 443 2603 continqere
455 2562 576 2602 diymzs
587 2560 856 2602 interpretantur
867 2562 1038 2590 matronas
1051 2569 1135 2600 quae
1142 2560 1233 2599 festa
1243 2559 1323 2598 piae
1338 2558 1463 2590 Cereris
1474 2569 1593 2590 amma
1606 2557 1687 2590 cele-

142 2615 300 2647 braturae
310 2624 373 2654 per
387 2623 506 2645 nouem
521 2615 623 2644 noctes
635 2622 786 2643 uenerem
802 2615 967 2651 tactusque
983 2611 1102 2642 uiriles
1113 2611 1153 2642 in
1168 2611 1283 2642 uetitis
1297 2613 1478 2647 numerent,
1494 2609 1592 2642 Ouid.
1606 2612 1685 2641 met.

144 2675 169 2697 x
186 2667 247 2698 434
265 2676 315 2708 sq.
334 2677 342 2697 ε
365 2664 463 2707 quasi
477 2674 557 2696 uero
573 2663 636 2695 hoc
653 2663 795 2695 feminae
818 2661 1015 2704 pudendum
1038 2662 1084 2693 sit
1099 2664 1133 2693 et
1157 2671 1225 2693 una
1248 2671 1323 2693 cum
1347 2661 1414 2693 oris
1436 2661 1633 2703 impuritate
1657 2661 1687 2692 ei

144 2717 339 2759 exprobrari
361 2716 477 2759 possit,
499 2714 589 2758 quod
612 2716 704 2747 intra
725 2725 845 2746 nouem
870 2713 940 2745 dies
963 2724 1039 2745 cum
1062 2713 1182 2745 marito
1207 2713 1433 2745 concubuerit.
1483 2723 1550 2744 non
1574 2712 1688 2743 minus

142 2768 287 2801 absurde
310 2766 339 2800 Σ
361 2779 445 2809 quae
462 2770 600 2809 possunt
616 2767 792 2798 sacerdotes
810 2766 935 2798 Cereris
958 2775 1029 2797 csse.
1079 2765 1297 2796 manifestum
1313 2767 1365 2796 est
1381 2764 1561 2806 significari
1583 2765 1688 2795 uittas

143 2824 261 2860 tenues,
286 2821 418 2860 insiyne
434 2819 599 2860 pudoris:
624 2817 703 2850 uide
727 2817 826 2850 Ouid.
855 2828 894 2849 ex
919 2817 1016 2849 Pont.
1042 2825 1087 2848 111
1112 2818 1130 2848 3
1155 2818 1193 2848 51
1220 2827 1268 2858 sq.
1291 2817 1485 2857 scripsimus
1507 2816 1585 2847 haec
1603 2815 1678 2846 illis

143 2881 292 2913 quarum
307 2881 363 2903 nec
378 2872 486 2903 uitta
503 2871 673 2912 pudicos
693 2869 697 2911 Ι
718 2870 915 2910 contiozqit
938 2870 1067 2901 crines
1090 2878 1145 2900 nec
1160 2869 1242 2900 stola
1258 2870 1357 2909 longa
1366 2868 1463 2909 pedes
