1947 3145
242 116 268 156 4
277 118 301 157 8
842 114 1170 155 IVVENALIS

374 233 575 274 maiorem
601 247 728 287 quam
754 237 854 273 sunt
880 232 963 272 duo
989 231 1179 272 Caesaris
1203 231 1488 272 Anticatones

373 308 488 357 illuc,
514 307 702 349 testiculi
728 307 809 348 sibi
834 307 1026 347 conscius
1051 306 1164 347 unde
1189 307 1301 360 fugit
1326 319 1432 354 mus,

236 394 300 426 340
370 383 580 431 intulerit,
605 383 677 423 ubi
702 382 836 422 uelari
860 381 1030 434 pictura
1053 382 1227 422 iubetur

371 471 659 512 quaecumque
682 456 859 497 alterius
884 470 1007 496 sexus
1032 456 1204 497 imitata
1229 458 1396 511 figuras.

371 536 414 573 et
438 532 533 586 quis
558 537 661 572 tunc
686 531 910 571 hominum
934 535 1203 585 contemptor
1227 532 1430 580 numinis,
1454 535 1529 572 aut
1554 531 1649 585 quis

369 607 631 661 simpuuium
656 606 792 646 ridere
817 606 985 646 Numae
1011 607 1267 660 nigrumque
1293 607 1486 648 catinum

370 686 413 723 et
438 681 650 722 Vaticano
675 680 849 735 fragiles
874 680 925 721 de
950 685 1096 721 monte
1120 681 1302 735 patellas

234 768 296 798 345
366 769 494 797 ausus
519 757 642 796 erat?
711 755 784 795 sed
808 769 923 795 nunc
947 755 1001 796 ad
1026 769 1130 809 quas
1154 770 1240 796 non
1266 756 1439 797 Clodius
1464 758 1588 797 aras?

369 830 515 884 [audio
540 830 643 884 quid
669 834 833 871 ueteres
858 830 961 870 olim
986 831 1196 870 moneatis
1220 831 1359 879 amici,

366 910 374 925 ‘
390 919 499 959 pone
525 919 672 954 seram,
697 905 870 945 cohibe.'
940 905 1012 945 sed
1036 905 1132 958 quis
1157 906 1368 946 custodiet
1393 906 1506 960 ipsos

365 980 589 1021 custodes?
658 985 781 1021 cauta
805 984 869 1021 est
893 984 936 1021 et
960 981 1013 1020 ab
1038 980 1125 1020 illis
1148 981 1302 1034 incipit
1327 981 1461 1034 uxor.]

365 1056 537 1110 iamque
561 1055 707 1096 eadem
733 1055 910 1096 summis
933 1056 1093 1109 pariter
1116 1055 1394 1110 minimisque
1418 1056 1564 1104 libido,

231 1142 294 1172 350
364 1144 441 1172 nec
466 1131 616 1171 melior
641 1131 802 1171 silicem
828 1130 1006 1184 pedibus
1031 1144 1137 1184 quae
1162 1131 1347 1172 conterit
1371 1136 1513 1172 atrum

364 1220 493 1260 quani
517 1219 622 1260 quae
648 1206 875 1260 longorum
900 1206 1075 1246 uehitur
1098 1205 1261 1246 ceruice
1286 1205 1502 1259 Syrorum.

431 1286 480 1322 ut
505 1285 666 1335 spectet
691 1280 824 1329 ludos,
849 1281 1049 1321 conducit,
1076 1280 1263 1335 Ogulnia
1288 1286 1463 1329 uestem,

362 1357 562 1398 conducit
587 1357 774 1404 comites,
799 1356 960 1404 sellam,
984 1356 1177 1405 ceruical,
1201 1356 1368 1404 amicas,

363 1433 577 1474 nutricem
603 1438 645 1472 et
670 1432 838 1480 flauam,
863 1432 931 1472 cui
956 1431 1028 1471 det
1053 1432 1269 1480 mandata,
1292 1431 1491 1484 puellam.

229 1519 291 1550 355
361 1509 464 1548 haec
489 1512 633 1548 tamen
659 1507 825 1561 argenti
851 1512 1042 1559 superest
1068 1506 1365 1560 quodcumque
1388 1507 1555 1560 paterni

362 1583 527 1623 leuibus
551 1581 730 1623 athletis
754 1586 797 1622 et
823 1595 925 1621 uasa
949 1581 1184 1621 nouissima
1208 1581 1350 1621 donat.

362 1657 511 1698 multis
534 1671 597 1698 res
622 1661 803 1712 angusta
828 1657 955 1705 domi,
979 1656 1052 1696 sed
1077 1656 1197 1696 nulla
1220 1656 1426 1710 pudorem

360 1733 627 1788 paupertatis
650 1732 780 1773 habet
805 1746 882 1772 nec
907 1745 949 1772 se
974 1732 1154 1772 metitur
1180 1732 1233 1772 ad
1258 1732 1383 1772 illum

361 1821 487 1862 quein
506 1808 625 1848 dedit
651 1808 754 1848 haec
773 1807 1001 1861 posuitque
1024 1806 1211 1847 modum.
1281 1811 1427 1847 tamen
1452 1807 1559 1849 utile
1578 1807 1683 1862 quid
1702 1809 1760 1849 sit

224 1894 287 1924 360
356 1883 625 1937 prospiciunt
649 1882 882 1937 aliquando
907 1882 1005 1930 uiri,
1030 1882 1248 1936 frigusque
1273 1882 1514 1936 famemque

361 1959 537 2000 formica
562 1958 736 1999 tandem
760 1957 936 2011 quidam
962 1971 1170 2011 expauere
1195 1958 1423 2012 magistra:

358 2034 532 2089 prodiga
557 2047 643 2074 non
668 2034 801 2074 sentit
824 2037 1073 2086 pereuntem
1099 2033 1258 2073 semina
1282 2046 1468 2074 censum.

359 2124 419 2158 ac,
442 2110 563 2150 uelut
586 2110 798 2150 exhausta
823 2108 1038 2149 recidiuus
1063 2108 1248 2162 pullulet
1272 2122 1367 2148 arca

289 2200 350 2229 339
367 2197 451 2228 illuc
466 2197 626 2228 testiculi
642 2193 689 2234 Ψ,
706 2196 795 2227 illud
810 2196 988 2227 testiculis
1004 2196 1055 2226 PS
1132 2196 1224 2226 unde
1241 2193 1287 2234 Ψ,
1304 2196 1385 2227 inde
1402 2196 1428 2227 P
1505 2199 1566 2227 341
1583 2196 1715 2236 figuras
1732 2198 1759 2229 P

222 2248 338 2286 Aron„
355 2248 469 2287 figura
485 2250 540 2279 est
556 2248 649 2286 FGO,
666 2248 817 2286 figuram
833 2248 888 2279 est
900 2247 1019 2278 ALTU
1097 2250 1159 2278 343
1176 2248 1392 2286 simpuuium
1407 2245 1484 2285 ΣΨ,
1499 2249 1690 2288 simpulum
1705 2249 1758 2280 PS

309 2309 376 2340 que
392 2301 417 2331 P
431 2299 500 2330 fior.
515 2300 613 2341 Sang.
634 2301 676 2338 U,
692 2309 736 2331 ue
753 2297 790 2329 Ψ
878 2303 940 2330 345
957 2299 1091 2330 clodius
1107 2300 1157 2330 PS
1171 2299 1274 2330 Burn.
1294 2301 1364 2338 192,
1382 2300 1543 2331 claudius
1559 2298 1588 2330 Σ
1604 2300 1704 2331 Arou.
1719 2298 1757 2331 Ψ

310 2356 458 2384 346-348
483 2353 601 2392 utpote
623 2361 661 2382 ex
684 2350 863 2390 fragmenti
887 2350 1086 2382 Oxoniensis
1107 2350 1258 2381 uersibus
1280 2351 1385 2381 30-34
1409 2353 1597 2382 contractos
1620 2350 1684 2382 del.
1705 2352 1751 2383 M.

222 2404 370 2435 Maasius
459 2408 519 2435 347
533 2404 653 2435 cohibe
671 2401 717 2442 Ψ,
738 2404 883 2442 prohibe
900 2404 925 2434 P
1014 2407 1075 2434 353
1092 2403 1292 2434 conducunt
1304 2402 1426 2433 G.L.K.
1439 2411 1479 2433 VI
1496 2412 1526 2444 p.
1542 2404 1601 2433 231
1693 2407 1756 2435 359

221 2459 332 2487 tamon
347 2454 389 2486 ad
405 2455 588 2495 aliquando
604 2454 760 2495 pertinet,
781 2464 850 2484 non
867 2453 909 2484 ad
926 2452 1158 2495 praecedentia
1174 2453 1315 2485 refertur
1329 2466 1335 2486 :
1361 2453 1438 2484 uide
1454 2464 1509 2485 e.c.
1523 2453 1612 2485 Caes.
1627 2453 1687 2486 b.c.
1708 2463 1754 2486 ΙΙΙ

221 2508 261 2538 51
274 2507 293 2538 5
303 2516 404 2547 mque
412 2507 537 2546 proelio
549 2507 709 2537 decertare
719 2507 836 2541 uoluit,
849 2516 930 2546 quac
943 2516 993 2537 res
1009 2506 1282 2545 tamenfortassc
1293 2506 1468 2545 aliquem
1480 2506 1629 2545 reciperet
1641 2516 1755 2537 casum

309 2563 371 2590 363
394 2559 571 2590 recidiuus
594 2556 660 2588 duo
685 2557 839 2599 Rupertii
858 2556 900 2588 ad
925 2556 1116 2598 pullulandi
1133 2557 1272 2588 uerbum
1288 2556 1628 2588 accommodatissime
1645 2556 1750 2596 (Seru.

221 2610 303 2642 Aen.
325 2618 351 2641 x
367 2610 406 2641 58
423 2610 584 2648 recidiua,
605 2611 817 2641 renascentia.
860 2612 983 2640 tractus
998 2612 1108 2640 autem
1123 2618 1226 2640 sermo
1241 2611 1284 2639 est
1300 2609 1340 2638 ab
1357 2608 1536 2646 arboribus,
1553 2619 1635 2648 quac
1659 2610 1755 2640 taleis

220 2663 311 2694 sectis
331 2661 534 2702 pullulant),
554 2662 713 2692 reuidius
736 2662 774 2700 G,
797 2662 980 2693 rediuiuus
1004 2659 1077 2698 ΡΨ,
1100 2659 1191 2702 quod
1218 2670 1258 2691 ne
1287 2662 1360 2691 tum
1382 2659 1517 2701 quidem
1541 2659 1754 2700 aptissimum

221 2716 306 2746 esset
329 2713 357 2744 si
381 2723 439 2755 pro
464 2723 500 2743 eo
525 2712 613 2754 quod
639 2716 688 2744 est
710 2714 913 2744 reminiscens
940 2713 1058 2744 Latine
1084 2712 1270 2743 diceretur:
1303 2711 1398 2753 atqui
1421 2721 1489 2742 non
1516 2710 1649 2748 dicitur,
1674 2722 1753 2743 nam

222 2765 369 2797 multum
386 2764 551 2796 falluntur
574 2764 632 2805 qui
655 2764 853 2795 reclim'umz
876 2774 982 2795 senem
1001 2764 1074 2795 Sen.
1097 2774 1165 2795 exc.
1184 2766 1287 2794 contr.
1306 2771 1350 2794 111
1369 2764 1386 2793 4
1406 2762 1610 2803 intellegunt
1633 2773 1652 2793 a
1668 2772 1752 2794 mor-

222 2818 289 2849 tuis
305 2816 500 2848 excitatum.
550 2815 711 2846 rediuiua
727 2825 786 2856 pro
802 2816 954 2846 recidiua
968 2815 1039 2846 cod.
1060 2815 1230 2846 Romanus
1247 2814 1345 2856 Verg.
1366 2814 1448 2845 Aen.
1466 2823 1491 2845 x
1507 2815 1558 2853 58,
1579 2814 1661 2845 item
1678 2814 1754 2846 Silii

219 2868 297 2900 libri
319 2867 469 2910 plerique
493 2876 506 2899 1
529 2868 600 2905 106,
621 2865 692 2898 cod.
714 2867 874 2898 Etruscus
895 2866 970 2898 Seu.
991 2866 1064 2898 Tro.
1087 2865 1159 2905 472,
1180 2865 1245 2897 duo
1262 2865 1340 2896 libri
1357 2864 1472 2897 Claud.
1490 2874 1578 2897 XLIV
1596 2867 1645 2906 66,
1666 2876 1754 2898 unus

219 2920 345 2952 Auson.
365 2921 449 2962 grat.
468 2920 531 2951 act.
553 2919 603 2957 33,
625 2917 746 2959 quibus
762 2917 923 2959 exemplis
939 2917 1036 2959 plura
1051 2916 1131 2949 addi
1148 2919 1288 2959 possunt
