1947 3145
219 92 279 132 24
816 94 1145 136 IVVENALIS

843 258 1045 293 SATVRA
1075 259 1130 294 IV

350 362 457 405 Ecce
482 364 640 406 iterum
665 364 901 418 Crispinus,
927 371 971 406 et
995 372 1059 407 est
1083 367 1191 407 mihi
1211 380 1333 421 saepe
1358 367 1574 408 uocandus

351 438 405 478 ad
429 444 582 493 partes,
605 445 846 480 monstrum
870 440 989 481 nulla
1015 441 1180 483 uirtute
1203 442 1471 497 redemptum

351 526 375 554 a
400 514 533 562 uitiis,
556 527 705 568 aegrae
730 514 899 568 solaque
924 515 1105 557 libidine
1130 517 1258 558 fortes

352 588 539 637 deliciae,
563 588 713 629 uiduas
738 594 911 631 tantum
935 598 1185 644 aspernatus
1208 592 1385 633 adulter.

263 674 282 705 5
352 663 456 717 quid
480 663 608 705 refert
632 664 779 719 igitur,
805 666 976 719 quantis
1001 666 1196 707 iumenta
1222 667 1376 722 fatiget

351 738 598 792 porticibus,
622 744 786 792 quanta
811 754 1031 781 nemorum
1056 747 1250 783 uectetur
1275 743 1321 782 in
1345 742 1508 792 umbra,

351 814 496 868 iugera
521 818 626 867 quot
650 814 791 855 uicina
816 815 918 864 foro,
943 830 1047 870 quas
1071 818 1224 858 emerit
1243 817 1376 867 aedes,

351 902 474 929 nemo
498 889 636 930 malus
659 890 763 930 felix
788 904 891 944 qum
917 892 985 940 sit,
1009 896 1230 946 corruptor
1255 897 1299 933 et
1324 893 1438 933 idem

351 964 550 1013 incestus,
574 978 671 1005 cum
696 979 779 1018 quo
804 979 940 1019 nuper
964 966 1126 1007 uittata
1150 967 1314 1008 iacebat

240 1049 280 1080 10
349 1039 555 1094 sanguine
579 1040 720 1081 adhuc
744 1041 845 1082 uiuo
870 1047 1028 1082 terram
1054 1043 1247 1083 subitura
1272 1043 1494 1084 sacerdos?

351 1114 422 1156 sed
446 1129 562 1156 nunc
586 1115 637 1156 de
660 1115 786 1157 factis
811 1117 1054 1158 leuioribus.
1126 1124 1169 1159 et
1193 1123 1337 1159 tamen
1361 1119 1469 1160 alter

351 1190 388 1230 si
412 1190 579 1232 fecisset
604 1191 716 1232 idem
741 1191 906 1233 caderet
930 1193 1007 1233 sub
1032 1193 1170 1233 iudice
1194 1207 1385 1245 morum3

351 1279 462 1314 nam,
487 1266 600 1320 quod
625 1272 753 1321 turpe
777 1267 899 1308 bonis
923 1268 1036 1309 Titio
1063 1269 1268 1323 Seiioque,
1294 1269 1466 1311 decebat

353 1340 608 1396 Crispinum.
679 1343 784 1396 quid
808 1357 919 1398 agas,
944 1358 1041 1384 cum
1065 1344 1157 1384 dira
1182 1350 1226 1385 et
1251 1345 1412 1385 foedior
1436 1345 1553 1386 omni

237 1426 276 1457 15
347 1417 524 1458 crimine
549 1431 729 1471 persona
754 1420 850 1459 est?
919 1419 1103 1459 mullum
1128 1433 1200 1460 sex
1224 1420 1402 1461 milibus
1426 1421 1546 1470 emit,

350 1498 605 1547 aequantem
630 1506 730 1534 sane
755 1494 926 1547 paribus
951 1495 1148 1535 sestertia
1172 1494 1308 1544 libris,

352 1572 401 1608 ut
425 1568 652 1621 perhibent
677 1569 751 1622 qui
776 1569 827 1608 de
851 1569 1021 1624 magnis
1046 1570 1205 1610 maiora
1230 1570 1438 1611 locuntur.

352 1643 579 1684 consilium
604 1643 731 1684 laudo
756 1645 945 1693 artificis,
970 1645 1005 1685 si
1029 1658 1207 1685 munere
1233 1650 1356 1686 tanto

352 1719 624 1772 praecipuam
649 1719 695 1759 in
720 1719 880 1760 tabulis
905 1733 1045 1760 ceram
1070 1720 1182 1761 senis
1207 1720 1388 1761 abstulit
1413 1721 1529 1772 orbi;

238 1803 281 1834 20
351 1799 416 1834 est
440 1794 552 1834 ratio
577 1794 768 1843 ulterior,
792 1808 969 1849 magnae
994 1795 1030 1835 si
1054 1796 1174 1836 misit
1198 1796 1357 1836 amicae

352 1882 460 1922 quae
485 1869 661 1910 uehitur
688 1870 804 1911 cluso
828 1870 929 1910 latis
953 1870 1242 1924 specularibus
1266 1875 1402 1911 antro.

349 1944 412 1984 nil
437 1944 522 1985 tale
546 1949 766 1998 expectes:
802 1945 910 1986 emit
935 1945 1025 1987 sibi.
1096 1945 1235 1987 multa
1259 1945 1454 1986 uidemus

352 2033 462 2073 quae
486 2020 613 2060 miser
638 2025 681 2061 et
705 2020 822 2074 frugi
847 2034 933 2061 non
958 2021 1060 2061 fecit
1084 2021 1277 2074 Apicius,
1351 2021 1429 2062 hoc
1454 2025 1505 2062 tu

352 2094 595 2135 succinctus
618 2095 761 2148 patria
787 2095 1014 2149 quondam,
1041 2095 1247 2149 Crispine‚
1271 2109 1446 2150 papyro,

284 2194 302 2222 3
320 2198 447 2230 aeg-rae
461 2191 483 2222 S
495 2189 611 2229 vind„
626 2199 733 2230 aegra
746 2192 781 2229 P,
797 2200 902 2230 aeger
914 2189 952 2222 Ψ
1039 2193 1150 2223 fortes
1163 2192 1213 2223 PS
1227 2190 1328 2223 vind.
1346 2192 1380 2230 F,
1396 2192 1500 2224 fortis
1513 2190 1550 2223 Ψ
1638 2197 1659 2224 4
1671 2193 1755 2225 deli-

218 2243 295 2274 ciae
315 2241 392 2281 (hoc
416 2243 453 2280 S)
477 2242 606 2275 uiduae
629 2243 655 2274 P
679 2241 794 2281 vind„
823 2244 969 2274 delicias
992 2243 1122 2274 uiduae
1139 2241 1177 2273 Ψ
1265 2246 1479 2283 aspernatus
1495 2242 1598 2276 Vind.
1619 2244 1752 2287 aliique,

219 2294 410 2333 spernatus
423 2294 456 2332 F,
474 2296 688 2333 aspernatur
704 2292 750 2332 Ψ,
773 2297 963 2334 spernatur
979 2295 1063 2326 PSA
1151 2299 1169 2326 8
1186 2303 1269 2334 qum
1285 2296 1334 2326 sit
1345 2294 1363 2309 ᾗ
1380 2294 1598 2327 distinctione
1610 2298 1752 2335 mutata,

219 2346 306 2385 quin
329 2346 377 2376 sit
400 2344 552 2386 legeriuit
575 2343 604 2376 Σ
627 2351 660 2376 et
684 2345 712 2376 is
735 2356 835 2387 quem
859 2345 957 2376 Valla
985 2346 1168 2387 exscripsit,
1195 2347 1339 2377 minime
1363 2347 1388 2378 P
1412 2345 1513 2378 vind.
1534 2345 1581 2379 Ψ.
1631 2345 1660 2378 Σ
1676 2346 1756 2379 haec

219 2396 332 2435 habet,
353 2397 390 2427 ricZ
412 2400 463 2434 est,
485 2397 544 2436 qui
566 2398 677 2428 malas
699 2401 743 2428 est
760 2399 956 2438 plerumque
971 2398 1062 2438 felia:
1084 2401 1127 2428 est
1145 2397 1221 2436 (hoe
1245 2401 1296 2430 est
1318 2408 1411 2429 nemo
1434 2399 1555 2437 wallus,
1565 2399 1658 2439 felia:
1672 2399 1757 2439 quin

216 2448 274 2487 sic)
287 2460 299 2486 ,·
322 2448 377 2479 uel
392 2448 438 2478 sic
451 2459 461 2479 .·
485 2449 592 2479 omnis
609 2449 729 2487 malas,
749 2451 808 2489 qni
820 2450 912 2489 feli-z·
927 2453 980 2488 est,
1000 2452 1171 2489 corruptor
1186 2459 1304 2480 necesse
1319 2453 1362 2480 est
1379 2449 1455 2489 (hoc
1472 2453 1522 2481 est
1537 2460 1629 2481 nemo
1644 2450 1758 2482 malus

220 2500 310 2538 selim,
337 2500 421 2540 quin
444 2501 486 2530 sic
509 2501 712 2541 c0r771pt07·):
741 2500 898 2532 similiter
920 2500 1011 2542 apud
1034 2500 1169 2532 Vallam
1196 2502 1304 2532 omnis
1326 2502 1386 2542 qui
1403 2502 1496 2542 felix
1517 2503 1691 2542 malusque
1713 2505 1758 2534 est

219 2554 389 2592 corruptor
410 2552 454 2582 sit
477 2561 594 2582 necesse
617 2555 669 2583 est.
720 2551 801 2583 haec
825 2563 901 2584 cum
927 2553 1217 2594 peruersissimum
1245 2563 1379 2584 sensum
1402 2553 1523 2584 habere
1546 2552 1755 2584 animaduer-

220 2607 356 2643 teretur,
384 2602 427 2634 ad
455 2603 680 2634 coniecturam
707 2603 882 2635 decursum
910 2609 960 2636 est
987 2605 1215 2646 scriptumque
1239 2615 1331 2635 'nemo
1360 2605 1471 2635 malus
1488 2605 1593 2645 felix,
1616 2605 1756 2637 ‘minime

219 2658 396 2696 corruptor,
426 2657 497 2685 tam
528 2664 628 2695 praue
659 2654 802 2696 abrupta-
833 2658 934 2697 atque
965 2655 1131 2687 dissoluta
1158 2656 1411 2687 continuatione
1442 2655 1687 2687 sententiarum
1718 2659 1758 2688 ut

219 2707 360 2739 Iahnius
390 2710 502 2738 totum
533 2716 665 2736 uersum
701 2706 890 2738 eiciendum
925 2708 1091 2738 censuerit
1191 2711 1209 2739 9
1236 2708 1375 2739 uittata
1400 2708 1526 2746 PGLU,
1556 2708 1692 2739 uitiata
1718 2708 1752 2747 S,

218 2761 361 2792 uictata
383 2759 418 2795 0,
436 2758 556 2789 uitata
574 2757 677 2789 vind.
697 2759 784 2789 AFT
873 2763 912 2791 13
937 2761 1085 2799 Seioque
1109 2758 1316 2797 Calderinus,
1343 2760 1503 2799 serioque
1526 2759 1552 2790 P
1575 2757 1678 2791 vind.
1705 2757 1753 2799 Ψ,

218 2810 296 2843 uide
324 2819 353 2842 11
386 2811 424 2841 19
515 2813 555 2840 15
587 2818 668 2840 exse
693 2809 806 2848 Vind„
834 2810 897 2841 hoc
928 2814 979 2842 est
1009 2811 1127 2852 opinor
1152 2821 1222 2841 sem:
1311 2815 1350 2842 17
1377 2811 1542 2842 locuntur
1569 2809 1673 2842 Vind.
1704 2809 1752 2851 Ψ,

216 2865 413 2904 loquuntur
429 2861 522 2900 ΡΟΤ,
543 2860 620 2892 uide
636 2869 660 2891 x
676 2862 726 2899 58,
746 2870 803 2893 XII
822 2862 861 2894 77
952 2866 991 2894 18
1008 2864 1039 2894 si
1055 2863 1106 2894 PS
1123 2861 1224 2894 Vind.
1247 2863 1288 2902 U,
1308 2863 1346 2894 in
1362 2860 1400 2892 Ψ
