1947 3145
201 120 224 160 5
233 121 260 160 4
799 119 1127 161 IVVENALIS

400 238 476 279 illa
502 242 644 279 tamen
669 237 837 292 grauior
862 250 969 290 quac
992 250 1089 277 cum
1113 236 1374 277 discumbere
1398 238 1538 291 coepit

201 323 261 354 435
331 313 478 355 laudat
503 313 754 368 Vergilium,
777 312 992 366 periturae
1017 312 1199 366 ignoscit
1222 312 1397 360 Elissae,

332 388 567 429 committit
593 392 712 428 uates
736 391 780 427 et
802 390 1035 439 comparat,
1059 386 1158 427 inde
1184 386 1409 427 Maronem

333 467 461 517 atque
485 463 570 503 alia
593 466 710 516 parte
734 462 781 501 in
801 461 966 502 trutina
991 462 1215 515 suspendit
1240 462 1487 502 Homerum.

331 538 486 579 cedunt
509 537 791 592 grammatici,
814 537 1052 577 uincuntur
1076 537 1277 586 rhetores,
1301 537 1439 578 omnis

335 613 459 653 turba
483 615 607 660 tacet,
632 625 709 652 nec
732 611 969 652 causidicus
993 625 1070 652 nec
1093 625 1242 665 praeco
1268 612 1481 666 loquetur,

201 699 262 729 440
332 688 469 728 altera
494 700 569 727 nec
594 686 773 727 mulier:
809 687 1037 727 uerborum
1062 691 1184 728 tanta
1209 687 1323 728 cadit
1347 688 1425 735 uis,

334 766 400 803 tot
423 762 583 816 pariter
607 762 751 815 pelues
774 775 822 802 ac
846 762 1144 803 tintinnabula
1168 763 1284 803 dicas

332 836 503 891 pulsari.
573 837 660 877 iam
685 850 810 877 nemo
835 837 970 885 tubas,
995 850 1118 878 nemo
1142 850 1240 877 aera
1264 837 1441 892 fatiget3

334 926 419 952 una
443 911 656 952 laboranti
679 912 841 965 poterit
865 925 1103 953 succurrere
1128 912 1281 953 Lunae.

333 987 505 1041 inponit
530 987 657 1027 finem
682 987 850 1040 sapiens
874 992 917 1028 et
941 987 1068 1028 rebus
1092 987 1308 1038 honestis3

198 1072 260 1104 445
330 1076 430 1102 nam
456 1075 563 1116 quae
587 1062 710 1103 docta
734 1062 864 1103 nimis
888 1063 1008 1116 cupit
1032 1067 1075 1103 et
1100 1062 1284 1103 facunda
1309 1062 1448 1103 uideri

332 1151 451 1178 crure
477 1141 602 1178 tenus
625 1137 765 1178 medio
790 1138 960 1179 tunicas
984 1138 1226 1193 succingere
1251 1138 1387 1186 debet,

329 1212 500 1254 caedere
525 1212 704 1253 Siluano
729 1227 916 1266 porcum,
939 1212 1176 1267 quadrante
1200 1213 1345 1253 lauari.

332 1301 416 1328 non
441 1288 595 1329 habeat
620 1293 829 1337 matrona,
853 1288 937 1329 tibi
962 1302 1068 1342 quae
1092 1288 1239 1329 iuncta
1262 1289 1486 1336 recumbit,

332 1362 501 1404 dicendi
525 1377 670 1418 genus,
694 1368 770 1404 aut
795 1377 973 1404 curuum
997 1377 1188 1404 sermone
1212 1367 1351 1404 rotato

200 1449 262 1481 450
332 1443 532 1494 torqueat
556 1440 845 1494 enthymema,
869 1453 946 1480 nec
970 1440 1171 1480 historias
1196 1439 1302 1480 sciat
1327 1452 1485 1487 omneS‚

333 1514 405 1555 sed
430 1514 638 1568 quaedam
662 1528 714 1555 ex
739 1514 863 1555 libris
886 1519 930 1555 et
954 1528 1039 1555 non
1065 1514 1301 1569 intellegat.
1371 1514 1440 1555 odi

330 1590 441 1630 hanc
464 1603 540 1644 ego
565 1603 673 1643 quae
697 1590 857 1643 repetit
882 1590 1106 1644 uoluitque
1130 1589 1400 1630 Palaemonis
1423 1593 1558 1630 artem

331 1669 503 1706 seruata
527 1678 692 1718 semper
716 1664 808 1720 lege
832 1669 875 1705 et
898 1665 1061 1706 ratione
1086 1664 1287 1719 loquendi

330 1741 583 1795 ignotosque
607 1740 715 1780 mihi
741 1745 858 1781 tenet
882 1740 1128 1794 antiquaria
1153 1753 1299 1781 uersus

199 1826 259 1857 455
329 1828 406 1856 nec
429 1814 615 1856 curanda
640 1815 756 1856 uiris.
827 1815 969 1869 opicae
994 1816 1173 1870 castiget
1198 1815 1357 1856 amicae

333 1890 488 1932 uerba:
524 1890 821 1931 soloecismum
847 1891 973 1932 liceat
998 1890 1144 1931 fecisse
1168 1891 1332 1931 marito.

400 1965 465 2006 nil
489 1979 576 2006 non
599 1966 818 2020 permittit
843 1966 996 2006 mulier
1019 1966 1113 2015 sibi,
1138 1970 1262 2020 turpe
1287 1970 1414 2020 putat
1439 1966 1514 2014 nil,

334 2055 432 2082 cum
458 2041 617 2082 uirides
641 2055 829 2096 gemmas
853 2041 961 2082 collo
985 2041 1267 2082 circumdedit
1291 2045 1334 2082 et
1358 2055 1457 2083 cum

333 2117 504 2158 auribus
527 2117 717 2158 extentis
741 2131 917 2172 magnos
941 2117 1155 2157 commisit
1180 2116 1385 2158 elenchos.

201 2203 263 2234 460
332 2192 650 2233 intolerabilius
675 2192 789 2232 nihil
812 2196 876 2232 est
901 2206 1029 2246 quam
1054 2192 1214 2232 femina
1239 2191 1368 2232 diues.

334 2265 528 2318 †interea
553 2267 674 2307 foeda
699 2271 874 2320 aspectu
899 2266 1163 2321 ridendaque
1188 2267 1325 2307 multo

336 2355 445 2395 pane
471 2346 610 2382 tumet
636 2341 762 2382 facies
786 2345 864 2382 aut
887 2341 1069 2396 pinguia
1094 2342 1347 2396 Poppaeana

264 2432 327 2460 442
350 2436 452 2459 nemo
475 2437 560 2459 aera
582 2429 618 2466 P,
638 2430 747 2468 atque
769 2437 854 2460 aera
877 2427 914 2459 Ψ
1001 2433 1065 2460 455
1088 2429 1177 2460 uiris
1200 2426 1277 2466 ΣΨ,
1298 2429 1386 2460 mihi
1405 2428 1431 2459 P
1518 2426 1714 2468 interpunxi
1729 2439 1738 2457 :

200 2478 303 2521 uulgo
319 2479 530 2510 continuant.
580 2480 693 2521 opicae
710 2480 851 2511 alicuius
868 2480 991 2511 amicae
1003 2480 1105 2511 uerba
1122 2480 1203 2511 uiris
1220 2479 1367 2511 curanda
1383 2489 1452 2512 esse
1468 2479 1522 2511 cui
1538 2478 1573 2510 in
1589 2481 1737 2510 mentem

200 2531 315 2564 uenire
332 2531 466 2572 potuit?
503 2530 584 2562 haec
600 2541 654 2563 nec
670 2532 822 2563 curanda
834 2533 925 2563 uiris
939 2531 987 2571 (id
1004 2534 1063 2571 est,
1081 2531 1230 2573 aliasque
1246 2542 1297 2563 res
1313 2531 1462 2563 uirorum
1478 2540 1555 2562 cura
1567 2529 1739 2570 indignas)

200 2582 248 2614 sic
263 2581 490 2624 superioribus
506 2582 636 2613 adiecta
652 2586 732 2614 sunt
748 2586 788 2615 ut
804 2583 903 2615 Ouid.
920 2583 990 2615 her.
1007 2592 1047 2614 VI
1064 2585 1104 2615 93
1122 2587 1149 2615 et
1165 2594 1248 2624 quae
1263 2584 1434 2615 nescierim
1448 2582 1579 2614 melius.
1622 2591 1737 2623 quam-

201 2643 302 2677 quam
325 2633 417 2665 haud
441 2634 508 2665 scio
531 2645 573 2665 an
598 2635 709 2666 uerius
733 2635 778 2666 sit
801 2635 891 2677 quod
916 2635 1109 2677 Postgatius
1136 2646 1267 2667 meeum
1290 2634 1553 2667 eommunicauit
1575 2634 1652 2665 haee
1676 2633 1740 2673 (ita

201 2696 287 2718 unus
318 2685 487 2727 Rupertii)
512 2686 665 2716 curanda
689 2687 807 2717 uiris?
903 2689 1056 2727 castiget
1087 2687 1301 2726 Ribbeckius,
1331 2687 1486 2725 castigat
1511 2683 1576 2717 ΡΨ
1674 2689 1739 2716 459

199 2738 356 2770 extentis
378 2738 478 2775 PAU,
499 2738 656 2768 extensis
672 2736 719 2775 Ψ,
739 2737 817 2768 uide
841 2746 898 2769 XII
923 2739 941 2769 5
959 2740 993 2770 et
1010 2739 1050 2769 68
1138 2743 1201 2771 460
1223 2738 1286 2770 del.
1305 2737 1485 2769 Paldamus
1587 2740 1739 2769 461-463

200 2791 277 2832 post
294 2793 357 2821 466
378 2788 492 2830 posuit
515 2787 717 2830 Maduigius,
739 2788 894 2820 lacunam
915 2792 994 2821 ante
1018 2794 1081 2822 461
1107 2790 1231 2822 statuit
1252 2789 1340 2821 Guil.
1371 2788 1565 2827 Schulzius3
1599 2788 1739 2820 fortasse

198 2840 413 2872 scribendum
437 2842 488 2871 est
513 2840 608 2871 diues
629 2838 633 2880 l
653 2840 691 2870 in
714 2841 821 2871 terris.
837 2841 940 2880 foeda
963 2840 1096 2872 collatis
1120 2849 1191 2872 VIII
1217 2841 1267 2879 37,
1294 2849 1319 2872 x
1343 2840 1415 2879 279,
1443 2848 1517 2872 XIII
1535 2841 1609 2879 126,
1635 2840 1738 2872 Mart.

198 2901 223 2924 x
239 2893 280 2924 32
298 2894 326 2932 6,
349 2892 445 2933 Prop.
468 2900 496 2923 11
514 2891 553 2923 17
571 2893 602 2929 9,
622 2891 702 2922 Hor.
726 2891 821 2932 epist.
845 2900 873 2923 11
891 2893 910 2922 2
929 2892 989 2925 157
