1947 3145
265 108 289 147 9
301 107 324 146 2
866 100 1193 143 IVVENALIS

396 222 497 263 dum
521 221 631 262 iacet
656 221 701 261 in
726 221 832 273 ripa,
856 219 1064 259 calcemus
1089 217 1276 258 Caesaris
1301 217 1478 258 hostem.

395 297 468 339 sed
491 297 668 338 uideant
694 295 817 343 serui,
841 308 894 334 ne
919 293 1014 347 quis
1038 297 1165 347 neget
1189 296 1232 333 et
1257 291 1466 346 pauidum
1490 291 1536 332 in
1560 291 1626 332 ius

396 372 560 413 ceruice
584 370 787 411 obstricta
811 368 1034 409 dominum
1058 367 1229 408 trahat.'
1299 367 1345 407 hi
1370 379 1582 408 sermones

400 452 503 488 tunc
527 445 577 487 de
602 445 765 492 Seiano,
790 447 951 484 secreta
976 443 1079 483 haec
1101 456 1322 483 murmura
1346 441 1479 496 uulgi.

286 533 326 562 90
396 522 517 562 uisne
541 519 721 561 salutari
746 518 857 559 sicut
882 518 1074 565 Seianus,
1098 517 1250 557 habere

398 595 654 637 tantundem
679 598 808 647 atque
832 593 901 633 illi
924 606 1112 634 summas
1137 592 1293 633 donare
1317 591 1497 640 curules,

398 670 522 711 illum
546 669 802 710 exercitibus
825 681 1095 722 praeponere,
1120 672 1240 708 tutor
1265 666 1413 707 haberi

397 744 604 799 principis
628 748 811 798 angusta
836 742 1092 796 Caprearum
1117 742 1163 781 in
1188 755 1291 795 rupe
1316 741 1506 782 sedentis

399 833 496 860 oum
520 832 646 873 grege
672 817 916 858 Chaldaeo?
984 817 1050 857 uis
1075 822 1187 857 certe
1212 816 1311 870 pila,
1335 816 1541 864 cohortes,

288 905 328 936 95
398 894 586 949 egregios
611 894 775 948 equites
800 898 843 934 et
868 897 1007 934 castra
1031 892 1288 943 domestica3
1323 891 1477 945 quidni

398 970 501 1010 haec
525 970 702 1023 cupias?
770 974 813 1009 et
837 969 912 1022 qui
937 968 1092 1008 nolunt
1118 967 1304 1008 occidere
1329 980 1586 1021 quemquam

398 1058 517 1099 posse
541 1045 709 1086 uolunt.
781 1045 853 1085 sed
877 1057 984 1098 quae
1007 1043 1221 1098 praeclara
1245 1048 1288 1084 et
1311 1056 1513 1097 prospera
1537 1041 1652 1083 tanti

400 1126 449 1161 ut
472 1120 594 1161 rebus
619 1120 745 1161 laetis
769 1134 847 1174 par
871 1120 928 1161 sit
952 1133 1151 1160 mensura
1175 1119 1418 1159 malorum?

400 1196 527 1237 huius
552 1196 627 1250 qui
652 1195 843 1236 trahitur
865 1199 1134 1249 praetextam
1159 1207 1323 1235 sumere
1347 1194 1485 1234 mauis

267 1282 327 1312 100
396 1285 452 1312 an
478 1271 737 1312 Fidenarum
763 1271 1079 1324 Gabiorumque
1103 1283 1191 1311 esse
1215 1274 1403 1324 potestas

399 1354 443 1388 et
467 1347 518 1387 de
542 1360 743 1387 mensura
767 1347 834 1387 ius
859 1346 1010 1394 dicere,
1035 1359 1138 1386 uasa
1162 1345 1328 1385 minora

401 1421 593 1476 frangere
616 1434 831 1475 pannosus
857 1421 1004 1462 uacuis
1029 1420 1179 1461 aedilis
1203 1419 1410 1460 Vlubris?

400 1510 510 1551 ergO,
534 1496 639 1550 quid
662 1496 900 1550 optandum
924 1496 1046 1544 foret,
1070 1496 1286 1550 ignorasse
1310 1495 1459 1536 fateris

404 1572 632 1622 Seianum3
669 1585 782 1620 nam,
808 1572 883 1625 qui
908 1571 1063 1611 nimios
1088 1571 1265 1624 optabat
1289 1571 1469 1611 honores

271 1657 332 1688 105
402 1652 445 1688 et
470 1647 627 1687 nimias
651 1647 851 1701 poscebat
876 1660 984 1701 opes,
1008 1659 1232 1686 numerosa
1255 1646 1435 1699 parabat

403 1722 590 1763 excelsae
616 1722 750 1763 turris
775 1721 981 1770 tabulata,
1005 1721 1117 1762 unde
1141 1721 1268 1761 altior
1294 1726 1404 1762 esset

404 1810 525 1838 casus
551 1802 593 1838 et
618 1797 812 1851 inpulsae
836 1810 1034 1851 praeceps
1058 1797 1231 1837 inmane
1255 1796 1413 1837 ruinae.

405 1872 510 1925 quid
535 1872 717 1921 Crassos,
741 1872 846 1926 quid
870 1872 1094 1926 Pompeios
1119 1871 1277 1913 euertit
1301 1875 1344 1912 et
1369 1871 1495 1911 illum

406 1947 458 1987 ad
483 1960 558 1988 sua
583 1947 658 2001 qui
681 1947 864 1988 domitos
889 1946 1069 1987 deduxit
1093 1947 1226 2001 flagra
1253 1946 1473 1995 Quirites?

274 2033 334 2063 110
404 2036 597 2063 summus
621 2036 773 2076 nempe
797 2022 913 2063 loeus
937 2022 1056 2062 nulla
1081 2036 1167 2062 non
1191 2026 1283 2062 arte
1306 2021 1470 2075 petitus

407 2111 644 2152 magnaque
670 2097 922 2138 numinibus
946 2101 1049 2138 uota
1073 2096 1277 2138 exaudita
1300 2095 1513 2151 malignis.

406 2171 460 2212 ad
486 2185 690 2227 generum
716 2172 875 2213 Cereris
901 2172 993 2213 sine
1015 2172 1139 2213 caede
1163 2185 1211 2212 ac
1234 2171 1411 2212 uulnere
1435 2170 1561 2224 pauci

408 2247 667 2289 descendunt
691 2261 811 2302 reges
835 2252 879 2288 et
903 2247 1011 2288 sicca
1035 2252 1172 2288 morte
1197 2247 1386 2301 tyranni.

475 2322 693 2376 eloquium
717 2336 766 2364 ac
789 2323 949 2364 famam
973 2322 1279 2363 Demosthenis
1303 2326 1380 2363 aut
1406 2320 1621 2363 Ciceronis

279 2407 340 2437 115
410 2397 565 2451 incipit
590 2403 736 2451 optare
760 2403 804 2439 et
829 2399 933 2439 totis
958 2397 1294 2452 quinquatribus
1318 2401 1440 2451 optat

343 2557 383 2585 87
406 2554 444 2585 111
466 2553 522 2584 1118
545 2553 571 2584 P
596 2552 679 2584 Brit.
702 2554 805 2584 30861
831 2556 865 2585 et
888 2554 924 2584 in
948 2564 1010 2585 ras.
1031 2554 1065 2592 L,
1086 2554 1185 2585 intus
1201 2553 1271 2591 GU,
1299 2553 1406 2584 huius
1428 2552 1527 2590 AOT,
1555 2551 1592 2582 111
1614 2550 1720 2581 huius
1743 2549 1769 2581 Ρ

365 2609 405 2637 88
430 2605 604 2637 obstricta
623 2606 689 2643 PA,
707 2606 884 2637 adstricta
899 2605 937 2637 Ψ
1025 2610 1065 2638 91
1083 2614 1239 2637 81111111138
1255 2606 1282 2637 Ρ
1298 2604 1367 2636 flor.
1388 2603 1487 2645 Sang.
1505 2605 1544 2642 A,
1565 2602 1673 2634 sellas
1688 2600 1727 2633 Ψ

365 2661 406 2689 93
429 2658 585 2696 ang-usta
607 2655 653 2696 Ψ,
675 2660 831 2697 augusta
854 2659 912 2689 PA
999 2662 1040 2690 97
1067 2658 1163 2690 tanti
1186 2658 1284 2695 PAG,
1311 2658 1455 2688 tantum
1478 2654 1516 2686 Ψ
1603 2658 1665 2686 102
1688 2653 1816 2686 uacuis

278 2710 407 2748 PAGU,
437 2709 630 2748 uacuisque
653 2709 748 2746 LOT,
775 2718 979 2749 uacuusque
1003 2710 1029 2741 P
1132 2713 1194 2741 112
1218 2718 1259 2740 30
1289 2707 1364 2747 ΡΨ,
1391 2710 1428 2740 et
1452 2708 1480 2739 Τ
1507 2706 1577 2737 flor.
1606 2705 1758 2737 Parisina
1780 2706 1816 2737 et

279 2760 490 2801 Frisingense
513 2759 648 2801 aliique,
677 2759 767 2791 Seru.
791 2770 899 2801 georg.
926 2769 954 2791 11
983 2762 1044 2792 498
1133 2762 1279 2792 uulnere
1303 2758 1377 2798 ΡΨ,
1406 2759 1578 2798 sanguine
1597 2759 1658 2790 GU
1679 2756 1816 2789 Seruius

367 2816 430 2844 114
450 2821 492 2844 ac
507 2810 553 2849 Ψ,
575 2813 640 2843 aut
659 2812 748 2843 PAU
765 2812 991 2852 sequentibus,
1013 2811 1103 2853 quod
1125 2811 1321 2843 incredibile
1342 2809 1449 2842 uideri
1469 2811 1590 2851 potest,
1613 2808 1816 2841 Buechelero

280 2867 315 2895 et
331 2862 595 2902 Friedlaendero,
616 2865 653 2895 et
669 2863 739 2894 flor.
761 2863 913 2894 Parisina
1000 2866 1064 2895 aut
1081 2862 1153 2901 ΡΨ,
1172 2872 1214 2895 ac
1229 2864 1256 2895 1.
1273 2862 1340 2894 flor.
1362 2861 1513 2894 parisina
1528 2860 1655 2903 aliique
