1947 3145
246 117 304 158 90

265 393 306 423 25

266 768 305 798 30

267 1140 308 1171 35

266 1516 307 1547 40

266 1892 305 1922 45

269 2267 310 2299 50

313 2677 353 2705 29
377 2673 420 2704 de
443 2672 510 2709 PA,
539 2680 561 2702 a
576 2670 613 2701 Ψ
702 2675 743 2702 30
767 2673 893 2704 auctor
915 2672 1044 2709 PAGU,
1070 2672 1163 2704 alter
1185 2672 1296 2704 FLO'I'
1384 2675 1424 2703 35
1447 2670 1655 2710 praetextae
1679 2666 1776 2707 ΡΣΑ,

246 2725 436 2766 praetexta
459 2722 530 2754 flor.
560 2722 673 2763 Sang,
701 2725 891 2763 praetexta
913 2725 951 2755 et
973 2722 1011 2754 Ψ

331 2780 374 2808 47
390 2777 468 2807 tum
485 2775 611 2812 GLTU,
632 2776 717 2805 tunc
733 2775 871 2806 PSAFO

846 112 1174 153 IVVENALIS

376 231 518 286 prima
542 230 627 271 fere
652 234 752 271 uota
777 234 819 270 et
845 229 1011 270 cunctis
1034 228 1259 268 notissima
1284 228 1456 282 templis

377 306 569 354 diuitiae,
593 309 783 345 crescant
808 309 857 344 ut
882 316 992 357 opeS,
1015 307 1066 343 ut
1089 303 1279 343 maxima
1304 307 1395 344 toto

377 386 522 421 nostra
547 380 604 420 sit
629 392 724 419 arca
749 378 848 418 foro.
920 377 994 417 sed
1017 377 1136 417 nulla
1161 377 1331 417 aconita
1356 378 1566 419 bibuntur

378 455 604 496 fictilibus:
639 458 744 493 tunc
768 452 844 492 illa
869 452 974 492 time
999 465 1095 492 cum
1119 451 1271 505 pocula
1295 466 1435 493 sumes

379 534 592 586 gemmata
617 533 660 568 et
684 527 772 568 lato
798 528 997 567 Setinum
1022 526 1187 567 ardebit
1211 527 1256 567 in
1279 541 1391 568 auro.

379 606 519 645 iamne
544 603 678 657 igitur
702 601 850 642 laudas
875 601 985 655 quod
1010 601 1060 642 de
1085 602 1352 655 sapientibus
1375 602 1484 643 alter

377 679 554 726 ridebat,
580 677 778 731 quotiens
803 677 853 717 de
877 676 1028 716 limine
1053 682 1244 717 mouerat
1268 691 1406 718 unum

375 753 693 809 protuleratque
717 752 879 805 pedem,
904 752 1032 792 fiebat
1056 753 1292 793 contrarius
1316 754 1493 793 auctor?

376 829 448 870 sed
472 828 609 868 facilis
633 827 770 867 cuiuis
794 827 925 881 rigidi
948 840 1128 867 censura
1146 827 1368 868 cachinni:

375 903 620 945 mirandum
644 906 710 943 est
734 902 846 942 unde
870 901 944 942 ille
969 901 1100 942 oculis
1127 902 1336 943 suffecerit
1360 917 1492 944 umor.

376 981 583 1033 perpetuo
606 977 696 1017 risu
720 976 965 1031 pulmonem
989 977 1151 1031 agitare
1176 977 1337 1018 solebat

379 1053 662 1101 Democritus,
688 1065 949 1106 quamquam
973 1065 1058 1092 non
1082 1057 1222 1093 essent
1247 1052 1424 1094 urbibus
1449 1053 1536 1094 illis

377 1132 638 1183 praetextae,
663 1127 842 1175 trabeae,
866 1126 1010 1175 fasces,
1035 1126 1198 1175 lectica,
1223 1127 1422 1169 tribunal.

379 1203 482 1258 quid
506 1203 543 1244 si
567 1202 744 1244 uidisset
767 1207 1002 1256 praetorem
1026 1203 1221 1243 curribus
1246 1203 1349 1244 altis

379 1283 600 1320 extantem
625 1282 668 1318 et
694 1278 825 1318 medii
850 1277 1076 1318 sublimem
1100 1277 1277 1331 puluere
1301 1279 1403 1319 circi

378 1354 425 1395 in
449 1354 598 1395 tunica
623 1353 740 1394 Iouis
764 1358 807 1394 et
832 1353 972 1407 pictae
998 1353 1180 1394 Sarrana
1204 1354 1414 1395 ferentem

379 1443 431 1470 ex
455 1429 614 1470 umeris
638 1429 787 1469 aulaea
812 1432 935 1483 togae
960 1442 1223 1482 magnaeque
1246 1443 1424 1470 coronae

378 1509 553 1546 tantum
578 1504 733 1553 orbem,
757 1508 917 1558 quanto
941 1504 1086 1544 ceruix
1110 1518 1196 1544 non
1221 1504 1377 1546 sufficit
1400 1505 1520 1545 ulla?

378 1580 536 1634 quippe
562 1583 680 1620 tenet
706 1579 864 1620 sudans
887 1579 996 1619 hanc
1020 1579 1220 1633 publicus
1244 1584 1298 1628 et,
1323 1580 1405 1620 sibi
1429 1580 1576 1621 consul

379 1668 433 1696 ne
458 1655 637 1709 placeat,
662 1667 788 1695 curru
813 1667 960 1694 seruus
984 1658 1182 1707 portatur
1205 1654 1361 1695 eodem.

379 1730 432 1771 da
456 1744 572 1770 nunc
595 1733 638 1770 et
663 1729 893 1777 uolucrem,
918 1733 1083 1783 sceptro
1108 1743 1212 1782 quae
1237 1729 1376 1784 surgit
1400 1730 1571 1778 eburno,

378 1805 502 1846 illinc
525 1805 775 1853 cornicines,
798 1804 900 1845 hinc
923 1804 1220 1858 praecedentia
1244 1804 1364 1859 longi

378 1880 565 1935 agminis
590 1879 727 1920 officia
751 1883 794 1920 et
819 1879 966 1920 niueos
990 1878 1044 1919 ad
1068 1878 1188 1920 frena
1215 1880 1418 1929 Quirites,

380 1956 544 1996 defossa
567 1955 614 1995 in
637 1955 800 1996 loculos
824 1967 930 2008 quos
955 1954 1147 2008 sportula
1172 1955 1273 1996 fecit
1297 1955 1466 1997 amicos.

380 2037 474 2072 tum
500 2044 666 2086 quoque
689 2030 916 2071 materiam
940 2030 1050 2070 risus
1075 2030 1243 2071 inuenit
1269 2030 1323 2071 ad
1347 2031 1486 2072 omnis

379 2119 578 2147 occursus
602 2106 840 2154 hominum,
864 2105 983 2146 cuius
1006 2105 1237 2159 prudentia
1261 2111 1475 2147 monstrat

381 2195 566 2222 summos
590 2195 710 2236 posse
735 2182 850 2222 uiros
875 2186 918 2222 et
942 2195 1098 2236 magna
1122 2181 1316 2235 exempla
1341 2181 1512 2223 daturos

382 2271 613 2298 ueruecum
636 2257 683 2297 in
707 2257 849 2310 patria
873 2270 1094 2311 crassoque
1119 2257 1196 2298 sub
1222 2271 1314 2298 aere
1338 2257 1465 2299 nasci.

382 2332 550 2373 ridebat
575 2346 694 2373 curas
718 2346 795 2372 nec
819 2346 906 2373 non
931 2337 974 2373 et
998 2332 1154 2387 gaudia
1179 2333 1314 2387 uulgi,

383 2407 601 2448 interdum
626 2413 669 2448 et
694 2408 901 2457 lacrimas,
926 2422 1021 2448 cum
1047 2408 1260 2448 Fortunae
1284 2408 1373 2462 ipse
1397 2407 1557 2448 minaci

383 2483 606 2523 mandaret
630 2483 834 2536 laqueum
858 2483 1129 2537 mediumque
1153 2483 1398 2524 ostenderet
1421 2496 1618 2537 unguem.

450 2571 549 2612 ergo
574 2571 835 2612 superuacua
859 2563 935 2599 aut
959 2573 1063 2612 quae
1086 2559 1322 2612 perniciosa
1345 2559 1585 2613 petuntur?

246 2882 282 2912 et
297 2890 359 2920 que
375 2888 471 2920 saepe
488 2887 626 2909 numero
643 2877 679 2908 in
695 2875 865 2908 codicibus
882 2880 1017 2919 propter
1027 2887 1089 2917 per
1104 2875 1350 2908 interciderunt

1098 2728 1139 2755 46
1163 2724 1295 2755 loculos
1319 2723 1345 2754 P
1367 2725 1407 2754 ut
1429 2721 1573 2759 uidetur,
1597 2721 1721 2752 loculis
1743 2718 1781 2751 Ψ

968 2779 1009 2806 54
1025 2784 1115 2815 quae
1131 2773 1266 2806 addidit
1282 2772 1513 2811 Buechelerus,
1534 2770 1612 2803 uide
1629 2773 1701 2810 346,
1722 2774 1782 2803 aut

245 2838 285 2859 m
296 2829 483 2868 perniciosa
501 2829 661 2866 petantur
684 2825 930 2865 Lachmannus,
951 2827 1009 2867 qui
1033 2826 1161 2867 primus
1178 2825 1476 2866 interrogationem
1499 2823 1649 2865 agnouit.
1697 2833 1783 2864 quae
