1947 3145
759 108 993 150 SATVRA
1028 109 1096 149 VI
1636 112 1658 152 5
1669 111 1693 151 3

158 234 224 266 405
295 225 409 267 dicet
432 227 528 280 quis
553 226 729 267 uiduam
753 232 1030 283 praegnatem
1054 228 1204 269 fecerit
1229 232 1273 269 et
1298 242 1381 282 quo

296 314 450 351 mense,
474 302 629 356 quibus
652 303 795 344 uerbis
819 304 1072 344 concumbat
1097 317 1300 358 quaeque,
1324 303 1461 345 modis
1485 309 1599 358 quot.

297 377 533 418 instantem
558 377 648 432 regi
672 378 878 419 Armenio
903 379 1149 433 Parthoque
1174 383 1369 420 cometen

296 452 436 505 prima
460 452 592 502 uidet,
616 453 775 493 samam
799 467 1074 508 rumoresque
1097 454 1173 494 illa
1197 455 1380 496 recentis

297 527 459 581 excipit
483 527 537 568 ad
560 532 718 581 portas,
743 528 947 582 quosdam
972 529 1100 580 facit3
1137 530 1217 571 isse
1242 530 1467 584 Niphaten

163 611 225 641 410
295 601 341 641 in
365 602 544 656 populos
568 616 808 657 magnoque
832 603 924 644 illic
947 608 1101 645 cuncta
1125 618 1230 645 arua
1255 605 1393 646 teneri

297 676 475 726 diluuio,
500 681 651 718 nutare
676 678 812 727 urbes,
838 679 1055 720 subsidere
1080 684 1227 729 terras,

297 765 564 807 quocumque
588 754 634 793 in
659 754 792 795 triuio
816 755 1066 808 cuicumque
1091 760 1155 796 est
1180 756 1318 805 obuia,
1343 760 1501 797 narrat.

297 839 374 868 nec
398 831 543 868 tamen
568 828 613 868 id
636 829 798 869 uitium
823 829 960 883 magis
984 830 1256 871 intolerabile
1280 844 1408 884 quam
1434 830 1546 885 quod

298 902 462 943 uicinos
486 903 672 944 humiles
696 917 843 958 rapere
868 909 911 945 et
934 904 1154 946 concidere
1178 905 1281 946 loris

161 987 224 1017 415
294 974 525 1028 †exortata
549 978 666 1020 solet.
738 993 838 1020 nam
863 979 899 1020 si
924 979 1159 1021 latratibus
1182 980 1262 1021 alti

294 1058 556 1107 rumpuntur
580 1054 719 1094 somni
744 1054 902 1095 ‘fustes
925 1055 1010 1096 huc
1034 1055 1176 1096 ocius'
1200 1056 1345 1109 inquit

295 1132 304 1147 ‘
319 1127 484 1169 adferte
500 1128 509 1143 '
534 1133 665 1183 atque
689 1129 777 1170 illis
803 1129 1027 1171 dominum
1052 1131 1170 1171 iubet
1195 1136 1296 1172 ante
1320 1132 1449 1181 feriri,

296 1202 451 1244 deinde
474 1217 633 1244 canem.
704 1204 847 1259 grauis
871 1218 1060 1254 occursU,
1085 1207 1331 1247 taeterrima
1356 1207 1484 1248 uultu

295 1278 448 1319 balnea
471 1283 596 1320 nocte
621 1279 750 1328 subit,
775 1280 955 1321 conchas
979 1285 1022 1321 et
1047 1285 1186 1322 castra
1210 1283 1371 1323 moueri

160 1363 223 1395 420
294 1358 418 1394 nocte
443 1353 576 1403 iubet,
600 1367 755 1409 magno
779 1355 937 1409 gaudet
962 1355 1111 1396 sudare
1136 1357 1343 1406 tumultu,

294 1442 392 1470 cum
415 1428 573 1470 lassata
597 1429 718 1484 graui
741 1430 986 1471 ceciderunt
1012 1431 1211 1471 bracchia
1235 1445 1372 1473 massa

293 1503 475 1544 callidus
499 1507 542 1545 et
567 1504 722 1545 cristae
747 1504 906 1559 digitos
931 1505 1132 1559 inpressit
1157 1506 1311 1560 aliptes

292 1593 341 1620 ac
365 1592 580 1620 summum
605 1579 803 1621 dominae
827 1581 966 1621 femur
991 1581 1228 1622 exclamare
1252 1582 1400 1636 coegit.

292 1654 501 1695 conuiuae
526 1654 668 1695 miseri
692 1655 857 1696 interea
882 1669 1113 1710 somnoque
1138 1657 1335 1711 fameque

159 1740 221 1771 425
292 1734 542 1784 urguentur.
614 1730 788 1771 tandem
813 1730 889 1770 illa
913 1731 1034 1771 uenit
1057 1731 1355 1781 rubicundula,
1380 1736 1522 1773 totum

292 1806 584 1860 oenophorum
610 1806 773 1855 sitiens,
796 1807 923 1860 plena
947 1807 1060 1861 quod
1085 1807 1279 1848 tenditur
1304 1822 1412 1848 urna

292 1881 516 1923 admotum
540 1881 733 1936 pedibus,
757 1882 808 1922 de
833 1896 915 1936 quo
940 1883 1151 1924 sextarius
1175 1883 1285 1924 alter

290 1956 463 1998 ducitur
487 1962 588 1998 ante
612 1957 755 1997 cibum
779 1957 969 1998 rabidam
994 1958 1182 1999 facturus
1207 1958 1382 2008 orexim,

292 2032 397 2074 dum
421 2032 534 2074 redit
552 2037 595 2074 et
619 2033 709 2074 loto
734 2038 891 2074 terram
916 2033 1015 2074 ferit
1039 2034 1259 2075 intestino.

155 2117 220 2148 4:30
290 2108 574 2149 marmoribus
599 2108 685 2148 riui
708 2112 951 2162 properant,
975 2113 1126 2149 aurata
1151 2109 1385 2150 Falernum

291 2182 430 2236 peluis
455 2183 566 2234 olet3
602 2197 703 2224 nam
727 2184 799 2233 sic,
823 2189 1043 2238 tamquam
1067 2185 1158 2225 alta
1181 2185 1228 2225 in
1253 2185 1367 2225 dolia
1391 2185 1546 2240 longus

291 2257 497 2299 deciderit
521 2271 702 2312 serpens,
725 2259 838 2301 bibit
862 2264 906 2300 et
930 2260 1077 2300 uomit.
1148 2273 1246 2315 ergo
1271 2260 1454 2301 maritus

291 2337 468 2374 nauseat
492 2337 622 2387 atque
646 2334 780 2375 oculis
803 2334 934 2375 bilem
960 2334 1218 2390 substringit
1243 2335 1411 2389 opertis.

220 2418 284 2446 4οἸ
315 2416 486 2447 cometem
523 2416 559 2454 P,
594 2415 676 2447 item
710 2417 771 2447 409
803 2416 993 2456 Niphatem,
1025 2416 1204 2458 utrobique
1235 2416 1438 2458 obsequente
1469 2417 1695 2451 Buechelero:

153 2468 307 2508 superest
324 2468 364 2498 ut
387 2465 503 2498 eadem
524 2467 726 2498 auctoritate
748 2475 803 2498 vn
821 2467 860 2500 87
882 2467 1063 2509 recipiatur
1077 2468 1231 2508 Aqauem
1320 2472 1383 2500 410
1407 2478 1497 2501 arua
1519 2468 1568 2509 Ψ,
1594 2478 1695 2502 arma

155 2518 181 2549 P
269 2522 332 2549 413
357 2518 451 2558 quod
473 2516 520 2558 Ψ,
541 2527 632 2558 quae
655 2519 690 2557 P,
719 2528 781 2559 quo
805 2518 1019 2550 Schraderus.
1065 2529 1148 2559 quae
1172 2529 1212 2550 ex
1237 2519 1422 2551 Pithoeano
1446 2519 1544 2552 auide
1563 2523 1695 2563 arrepto

154 2568 300 2601 editores
322 2579 426 2601 unam
449 2569 681 2611 paragraphen
703 2570 739 2600 in
756 2570 838 2601 duas
856 2570 1038 2611 particulas
1054 2569 1313 2612 discerpserunt,
1330 2581 1473 2613 quarum
1490 2571 1589 2604 alteri
1605 2572 1692 2612 finis,

152 2619 252 2653 alteri
268 2620 473 2663 principium
492 2619 595 2652 deest.
645 2630 724 2652 nam
743 2631 828 2662 quae
844 2624 930 2652 nocte
948 2620 1084 2652 demum
1104 2621 1225 2653 balnea
1245 2622 1338 2654 subit
1362 2623 1407 2662 (u.
1429 2622 1505 2662 419)
1523 2622 1606 2665 quid
1622 2622 1696 2655 luce

151 2672 261 2713 egerit
283 2673 366 2704 scire
390 2673 566 2714 cupimus;
597 2674 632 2704 et
654 2675 794 2714 apparet
817 2682 901 2714 quae
925 2683 980 2704 uu.
999 2674 1125 2704 413-33
1150 2677 1331 2706 narrantur
1354 2673 1495 2706 eandem
1514 2675 1695 2706 audaciam

153 2723 302 2756 redolere
322 2734 407 2767 quae
423 2734 455 2756 u.
478 2725 538 2756 399
556 2726 816 2756 commemorata
832 2727 883 2756 est
970 2728 1033 2756 415
1055 2727 1222 2758 exortata
1237 2727 1263 2759 P
1283 2726 1377 2758 Paris
1394 2727 1487 2764 9345,
1505 2727 1696 2758 exhortata.

154 2775 225 2808 cod.
243 2775 371 2817 Vallae,
393 2778 544 2809 exarata
567 2777 605 2815 G,
626 2778 774 2809 exorata
792 2775 839 2816 Ψ,
860 2780 975 2817 royata
991 2775 1019 2808 Σ
1108 2782 1171 2810 429
1196 2780 1233 2810 et
1256 2779 1330 2810 loto
1353 2781 1488 2810 terram
1511 2779 1536 2810 P
1557 2777 1693 2820 aliique,

152 2829 191 2860 et
214 2830 351 2861 terram
372 2829 446 2861 loto
468 2829 505 2866 Ο,
523 2830 560 2860 et
583 2829 660 2860 luto
683 2829 817 2860 terram
840 2829 880 2868 A,
908 2830 945 2860 et
968 2830 1103 2860 terram
1125 2830 1202 2861 luto
1226 2827 1272 2866 Ψ,
1298 2832 1502 2871 terramque
1529 2830 1606 2862 luto
1630 2830 1655 2861 F

240 2883 305 2912 430
321 2882 452 2913 aurata.
467 2880 532 2920 Ps,
553 2881 618 2911 aut
633 2880 711 2911 lata
727 2877 764 2910 Ψ
