1947 3145
252 93 272 132 1
284 92 308 132 2
317 93 340 133 6
847 88 1173 129 IVVENALIS

447 209 614 262 hospite
641 212 821 248 uenturo
845 205 1023 246 cessabit
1049 218 1172 245 nemo
1197 210 1379 261 tuorum.

269 296 309 326 60
380 291 387 304 ‘
407 297 527 325 uerre
551 283 862 337 pauimentum,
885 280 1045 320 nitidas
1070 280 1241 320 ostende
1265 280 1496 328 columnas,

378 359 497 400 arida
520 372 616 399 cum
641 362 732 398 tota
757 355 983 396 descendat
1008 368 1161 395 aranea
1186 354 1282 403 tela,

379 435 446 474 hic
470 434 563 474 leue
587 436 822 486 argentum,
847 443 948 470 uasa
971 443 1120 483 aspera
1143 434 1305 484 tergeat
1329 430 1438 470 alter
1453 430 1486 470 ':

380 523 465 550 uox
491 507 653 548 domini
678 506 785 546 furit
809 505 1016 545 instantis
1040 505 1292 559 uirgamque
1317 505 1513 546 tenentis.

378 597 474 638 ergo
499 582 626 623 miser
649 580 843 633 trepidas,
867 593 920 620 ne
945 584 1124 620 stercore
1148 580 1268 620 foeda
1293 580 1442 620 canino

267 671 306 702 65
377 659 487 700 atria
512 656 766 710 displiceant
790 654 923 695 oculis
947 655 1162 695 uenientis
1186 655 1312 695 amici

378 747 458 773 neu
483 731 655 786 perfusa
679 731 772 770 luto
797 730 853 770 sit
878 730 1078 784 porticus,
1103 734 1145 770 et
1169 735 1314 770 tamen
1338 743 1423 770 uno

378 806 563 847 semodio
588 804 724 846 scobis
748 805 851 845 haec
875 804 1074 844 emendat
1099 804 1294 845 seruulus
1318 818 1453 845 unus:

378 880 488 922 illud
512 894 598 921 non
621 879 773 934 agitas,
796 884 846 919 ut
871 883 1063 919 sanc-tam
1087 878 1202 919 filius
1227 879 1344 919 omni

377 955 557 1010 aspiciat
581 955 673 996 sine
697 954 791 994 labe
817 954 990 994 domum
1014 954 1209 1007 uitioque
1234 955 1480 994 carentem?

264 1042 305 1074 70
375 1036 547 1086 gratum
571 1034 636 1071 est
662 1029 776 1084 quod
798 1029 962 1083 patriae
986 1028 1124 1069 ciuem
1148 1028 1389 1082 populoque
1414 1028 1583 1077 dedisti,

376 1107 413 1147 si
437 1105 540 1146 facis
564 1109 613 1145 ut
637 1105 747 1144 ciuis
772 1104 828 1144 sit
851 1103 1040 1152 idoneus,
1064 1103 1187 1144 utilis
1210 1104 1332 1158 agris,

375 1181 496 1222 utilis
520 1184 563 1221 et
587 1179 798 1220 berrum
822 1184 865 1219 et
888 1179 1004 1232 pacis
1027 1178 1150 1219 rebus
1175 1178 1359 1233 agendis.

374 1256 609 1311 plurimum
628 1255 740 1296 enim
759 1254 954 1295 intererit
978 1254 1131 1307 quibus
1155 1254 1318 1295 artibus
1342 1258 1385 1295 et
1410 1254 1564 1308 quibus
1587 1253 1700 1294 hunc
1724 1259 1773 1294 tu

375 1331 563 1372 moribus
586 1330 799 1370 instituas.
869 1334 1058 1382 serpente
1082 1329 1243 1369 ciconia
1266 1328 1407 1382 pullos

263 1418 304 1451 75
375 1407 517 1448 nutrit
541 1410 584 1446 et
608 1406 787 1445 inuenta
809 1417 884 1458 per
909 1404 1032 1444 deuia
1055 1417 1154 1444 rura
1177 1403 1355 1445 lacerta:

376 1483 441 1522 fflj
465 1481 613 1523 eadem
637 1480 821 1534 sumptis
845 1484 1055 1533 quaerunt
1079 1479 1283 1519 animalia
1307 1479 1463 1533 pinnis.

378 1557 528 1598 uultur
551 1557 744 1597 iumento
769 1560 812 1596 et
836 1555 1011 1595 canibus
1034 1554 1311 1608 crucibusque
1335 1554 1496 1596 relictis

374 1633 428 1673 ad
453 1632 566 1673 fetus
589 1635 786 1685 properat
810 1634 1061 1684 partemque
1085 1629 1302 1670 cadaueris
1326 1629 1490 1671 adfert:

374 1708 444 1749 hic
468 1712 531 1748 est
556 1719 654 1761 ergo
678 1706 798 1746 cibus
821 1705 967 1760 magni
992 1717 1157 1758 quoque
1182 1704 1371 1745 uultui-is
1397 1710 1441 1746 et
1465 1718 1508 1745 se

261 1795 302 1826 80
371 1783 595 1837 pascentis,
618 1781 788 1836 propria
811 1794 908 1821 cum
933 1781 1019 1820 iam
1044 1780 1147 1820 facit
1171 1780 1315 1821 arbore
1339 1780 1471 1821 nidos.

375 1859 446 1900 sed
469 1858 654 1912 leporem
677 1861 754 1897 aut
778 1869 970 1910 capream
994 1855 1180 1896 famulae
1205 1856 1323 1896 Iouis
1347 1861 1390 1897 et
1415 1868 1639 1910 generosae

375 1935 421 1974 in
445 1934 558 1975 saltu
582 1936 796 1973 uenantur
819 1945 931 1981 aues,
955 1931 1055 1971 hinc
1080 1931 1234 1984 praeda
1258 1931 1389 1971 cubili

374 2009 572 2063 ponitun
606 2007 703 2048 inde
727 2012 869 2047 autem
893 2020 991 2047 cum
1015 2019 1057 2046 se
1081 2011 1247 2047 matura
1271 2006 1438 2047 leuauit

374 2084 596 2138 progenies
620 2083 872 2124 stimulante
897 2081 1008 2121 fame
1032 2081 1209 2122 festinat
1233 2081 1287 2121 ad
1310 2081 1431 2121 illam

263 2171 303 2202 85
375 2173 502 2214 quam
526 2159 711 2213 primum
734 2157 934 2212 praedam
958 2162 1086 2210 rupto
1110 2161 1360 2211 gustauerat
1384 2170 1473 2198 ouo.

440 2234 686 2275 aedificator
710 2238 802 2274 erat
827 2232 1078 2273 Caetronius
1102 2236 1145 2273 et
1168 2231 1292 2272 modo
1316 2245 1447 2272 curuo

304 2344 345 2371 59
370 2339 524 2371 cessabit
539 2337 576 2369 Ψ
597 2342 631 2370 et
651 2339 718 2377 (bit
740 2337 775 2368 in
800 2338 880 2376 ras.)
897 2338 933 2375 P,
954 2338 1111 2368 cessaret
1135 2337 1166 2368 U
1188 2335 1322 2378 aliique,
1350 2337 1489 2368 fortasse
1512 2337 1644 2368 cessavit
1730 2340 1770 2367 62

238 2392 318 2424 leue
333 2391 458 2428 PSAU,
475 2391 570 2422 leuet
587 2389 670 2421 Brit.
690 2391 728 2421 15
747 2388 774 2420 B
790 2397 856 2425 xm,
874 2389 973 2420 lauet
989 2387 1035 2425 Ψ,
1054 2398 1117 2418 0111.
1135 2389 1164 2419 G
1245 2392 1284 2420 63
1301 2389 1391 2419 furit
1406 2389 1490 2420 PSA
1504 2387 1636 2430 aliique,
1650 2388 1772 2419 fremit

239 2442 310 2475 fior.
332 2441 492 2480 Parisina,
513 2442 643 2472 fremat
666 2440 703 2471 Ψ
792 2444 832 2472 66
851 2449 921 2471 11611
937 2439 1007 2471 flor.
1029 2439 1189 2478 parisina,
1209 2448 1252 2470 116
1269 2438 1342 2477 ΡΨ,
1362 2448 1426 2471 nec
1450 2440 1506 2472 OT
1595 2443 1634 2471 67
1658 2439 1771 2471 scobis

238 2494 354 2526 Psou
385 2493 529 2534 Eutych.
565 2492 694 2524 G.L.K.
731 2500 754 2523 v
785 2502 817 2533 p.
846 2493 918 2529 473,
947 2492 1080 2523 scrobis
1110 2490 1148 2522 Ψ
1247 2495 1287 2523 70
1312 2491 1469 2531 patribus
1499 2489 1679 2526 Bentleius‚
1711 2490 1770 2531 qui

238 2547 342 2579 etiam
358 2546 438 2577 Hor.
461 2555 558 2576 earm.
581 2553 626 2576 111
651 2546 668 2575 6
694 2546 734 2575 20
758 2544 907 2575 mutauit
995 2548 1034 2575 71
1059 2543 1183 2582 011113,ἦε
1200 2542 1290 2584 quod
1307 2542 1402 2574 facile
1419 2547 1496 2585 post
1515 2544 1598 2574 σίδαι
1621 2540 1769 2573 excidere

238 2598 362 2640 potuit,
394 2598 534 2638 patriae
564 2595 610 2633 Ψ,
639 2597 760 2635 patria
790 2597 851 2634 PS,
880 2595 1103 2626 misemimum
1134 2597 1324 2636 utrumque,
1353 2604 1429 2625 cum
1460 2593 1671 2635 praecesserit
1700 2602 1769 2624 non

232 2651 370 2691 patriae
385 2659 501 2681 uerum
512 2649 647 2688 patriae
664 2649 856 2688 populoque.
903 2645 931 2678 Σ
955 2647 1036 2678 11360
1052 2646 1163 2685 habet,
1185 2648 1290 2678 ciuem
1307 2647 1436 2678 bonum.
1473 2647 1504 2677 si
1519 2655 1593 2676 eum
1608 2646 1658 2676 aa
1672 2645 1768 2675 insti-

238 2704 342 2735 tueris
357 2705 394 2733 ut
409 2703 452 2733 sit
468 2701 565 2732 utilis
575 2700 709 2739 patriae
797 2703 837 2731 82
854 2700 935 2731 hinc
951 2700 977 2730 P
990 2699 1073 2730 Brit.
1090 2700 1128 2730 15
1144 2698 1170 2729 B
1183 2707 1250 2737 XII,
1266 2700 1352 2730 tunc
1368 2697 1413 2735 Ψ,
1427 2700 1505 2730 tum
1516 2698 1556 2735 A,
1572 2696 1648 2727 haec
1664 2695 1768 2727 Lach-

238 2765 383 2786 mannus
471 2757 512 2786 83
529 2761 565 2784 se
582 2761 646 2783 om.
666 2753 692 2783 P
780 2752 917 2783 leuauit
932 2753 960 2783 T
977 2751 1077 2782 Prisc.
1098 2751 1222 2783 G.L.K.
1241 2759 1270 2782 11
1286 2761 1317 2792 p.
1332 2751 1405 2789 243,
1422 2750 1556 2782 leuabit
1568 2747 1615 2787 Ψ,
1632 2749 1770 2780 leuaret

238 2808 276 2846 Ρ,
291 2807 423 2839 leuarit
439 2804 497 2836 alii
514 2805 651 2836 fortasse
668 2806 755 2835 recte
843 2808 883 2835 85
899 2805 1111 2843 gustauerat
1126 2803 1250 2842 PAL'I',
1265 2803 1467 2843 gustauerit
1478 2802 1594 2834 mou
1608 2799 1770 2832 Prisciani

237 2858 316 2890 libri
332 2857 481 2900 plerique
570 2860 610 2888 86
627 2856 804 2887 Cretonius
820 2855 845 2886 P
862 2854 1000 2886 fortasse
1017 2857 1105 2886 recte
