1947 3145
240 111 259 149 1
271 110 294 149 3
303 110 330 149 4
833 108 1159 150 IVVENALIS

369 227 422 267 ad
447 241 660 268 summum
685 227 799 267 latus
823 231 865 267 et
891 226 1037 267 tabula
1062 225 1343 279 distinguitur
1367 224 1494 273 unda,

237 311 300 342 290
368 315 465 342 cum
490 303 546 343 sit
570 315 694 343 causa
719 301 820 341 mali
846 301 959 341 tanti
983 305 1026 340 et
1050 300 1305 340 discriminis
1328 299 1456 339 huius

370 377 584 418 concisum
608 380 831 430 argentum
855 376 901 414 in
925 375 1075 415 titulos
1100 374 1310 428 faciesque
1334 374 1534 414 minutas.

372 456 594 492 occurrunt
618 451 751 490 nubes
776 454 818 490 et
843 450 1034 504 fulgura:
1071 454 1079 469 ‘
1096 449 1248 490 soluite
1273 449 1418 489 funem
1435 448 1443 463 '

370 525 573 566 frumenti
598 526 795 565 dominus
819 525 977 565 clamat
1000 525 1214 578 piperisue
1239 523 1435 577 coempti,

371 605 380 620 ‘
396 601 458 640 nil
482 601 595 641 color
620 600 687 640 hic
712 600 829 648 caeli,
853 599 917 639 nil
941 600 1070 640 fascia
1094 599 1213 653 nigra
1237 599 1451 648 minatur}

238 686 301 716 295
370 676 584 716 aestiuum
608 674 750 715 tonat.'
819 674 971 714 infelix
995 674 1073 715 hac
1098 674 1277 715 forsitan
1302 675 1393 728 ipsa

373 756 495 791 nocte
519 749 640 791 cadet
665 750 809 790 fractis
835 750 1027 790 trabibus
1052 750 1269 803 fluctuque
1292 754 1508 803 premetur

375 826 555 867 obrutus
579 829 623 866 et
647 839 793 865 zonam
818 825 939 865 laeua
964 839 1190 878 morsuque
1216 825 1389 865 tenebit.

373 900 445 941 sed
469 901 590 942 cuius
614 901 728 941 uotis
751 900 874 940 modo
900 913 986 940 non
1011 900 1230 940 suffecerat
1254 914 1407 940 aurum

372 975 484 1029 quod
509 976 647 1029 Tagus
671 979 713 1016 et
737 975 870 1016 rutila
894 975 1033 1015 uoluit
1058 975 1256 1015 Pactolus
1280 975 1439 1015 harena

239 1060 302 1091 300
372 1049 525 1104 frigida
550 1051 762 1091 sufficient
787 1050 974 1090 uelantis
999 1050 1178 1104 inguina
1202 1050 1335 1103 panni

372 1125 638 1179 exiguusque
662 1125 792 1173 cibus,
816 1138 952 1165 mersa
976 1129 1068 1165 rate
1092 1125 1325 1179 naufragus
1349 1138 1483 1165 assem

372 1199 474 1240 dum
497 1204 617 1255 rogat
642 1204 685 1241 et
709 1200 823 1253 picta
848 1213 890 1240 se
914 1204 1168 1253 tempestate
1193 1203 1351 1240 tuetur.

438 1276 575 1316 tantis
599 1279 722 1329 parta
742 1275 866 1315 malis
889 1289 990 1315 cura
1014 1275 1172 1315 maiore
1197 1280 1398 1329 metuque

371 1355 622 1391 seruantur:
659 1351 812 1391 misera
835 1355 899 1391 est
924 1350 1071 1404 magni
1095 1350 1287 1391 custodia
1310 1363 1469 1391 census.

238 1436 300 1466 305
370 1426 588 1480 dispositis
613 1426 832 1480 praediues
856 1426 962 1466 amis
986 1425 1166 1480 uigilare
1191 1425 1404 1467 cohortem

372 1515 586 1542 seruorum
612 1506 741 1542 noctu
766 1501 941 1541 Licinus
965 1501 1095 1549 iubet,
1121 1501 1333 1542 attonitus
1356 1515 1431 1555 pro

371 1576 527 1617 electro
552 1576 769 1630 signisque
793 1576 880 1616 suis
906 1576 1176 1630 Phrygiaque
1201 1576 1399 1616 columna

370 1655 498 1705 atque
522 1652 644 1692 ebore
669 1656 712 1692 et
737 1651 825 1692 lata
849 1651 1074 1692 testudine.
1144 1651 1258 1691 dolia
1282 1651 1387 1692 nudi

371 1741 458 1767 non
483 1726 631 1767 ardent
655 1726 821 1780 cynici;
856 1726 892 1767 si
917 1726 1097 1780 fregeris,
1121 1726 1255 1767 altera
1280 1726 1354 1767 fiet

238 1812 300 1843 310
368 1816 458 1843 cras
482 1802 643 1850 domus,
661 1807 789 1856 atque
815 1802 960 1842 eadem
984 1802 1158 1856 plumbo
1182 1802 1404 1842 commissa
1428 1801 1631 1842 manebit.

370 1878 503 1918 sensit
527 1877 777 1925 Alexander,
803 1881 912 1918 testa
935 1891 1032 1918 cum
1057 1877 1169 1918 uidit
1193 1877 1238 1917 in
1262 1876 1336 1917 illa

371 1967 573 2007 magnum
596 1952 894 2001 habitatorem,
918 1956 1081 2006 quanto
1105 1952 1270 1993 felicior
1294 1952 1365 1992 hic
1389 1952 1464 2006 qui

371 2028 434 2069 nil
456 2032 626 2082 cuperet
651 2041 779 2082 quam
804 2028 877 2081 qui
902 2032 1043 2068 totum
1067 2028 1148 2068 sibi
1172 2032 1361 2081 posceret
1386 2027 1525 2068 orbem

369 2117 570 2158 passurus
593 2103 724 2158 gestis
747 2103 968 2157 aequanda
991 2103 1181 2157 pericula
1205 2103 1340 2144 rebus.

238 2189 299 2220 315
369 2180 539 2220 nullum
563 2192 724 2219 numen
748 2178 889 2227 habes,
913 2178 949 2219 si
974 2178 1030 2219 sit
1054 2178 1308 2232 prudentia:
1343 2191 1420 2219 nos
1445 2182 1499 2226 te,

370 2268 446 2295 nos
470 2254 662 2303 facimus,
687 2254 890 2303 Fortuna,
914 2254 1046 2295 deam.
1116 2267 1315 2294 mensura
1340 2259 1484 2295 tamen
1509 2265 1619 2307 quae

370 2329 554 2370 sufficiat
577 2342 737 2378 census,
761 2329 798 2369 si
822 2329 920 2382 quis
945 2342 1011 2369 me
1035 2328 1243 2377 consulat,
1267 2328 1416 2369 edam:

371 2404 418 2444 in
443 2408 654 2458 quantum
679 2404 775 2444 sitis
800 2408 930 2457 atque
955 2403 1088 2444 fames
1111 2408 1154 2444 et
1179 2403 1333 2458 frigora
1357 2407 1551 2458 poscunt,

371 2483 595 2533 quantum,
620 2479 816 2533 Epicure,
841 2480 922 2520 tibi
944 2480 1088 2533 paruis
1112 2479 1277 2520 suffecit
1302 2479 1348 2519 in
1373 2479 1520 2528 hortis,

299 2570 361 2599 289
384 2566 481 2597 unda
500 2566 655 2605 Acrem),
672 2567 766 2598 uaeda
781 2567 817 2605 P,
837 2567 908 2598 uda
924 2567 984 2605 FL,
1005 2575 1077 2598 una
1092 2567 1120 2598 Τ
1207 2570 1269 2598 293
1285 2575 1329 2598 ue
1345 2567 1494 2599 PAG'I'U
1511 2566 1611 2598 Prisc.
1631 2564 1670 2597 G.
1678 2564 1713 2596 L.
1721 2564 1763 2596 K.

235 2628 263 2650 11
282 2629 312 2660 p.
331 2619 403 2656 205,
423 2626 490 2657 que
506 2618 586 2649 PLO
673 2619 825 2657 coempti
840 2617 913 2655 ΡΨ,
932 2620 1111 2658 coemptor
1128 2618 1186 2650 AL
1203 2618 1302 2649 Prisc.
1391 2622 1453 2650 295
1469 2619 1535 2650 hac
1551 2619 1592 2656 U,
1612 2626 1653 2649 ac
1676 2618 1710 2654 P,
1728 2619 1769 2649 at

235 2669 281 2708 Ψ,
302 2679 349 2702 an
365 2671 418 2702 Po
505 2673 567 2701 296
584 2670 687 2701 cadet
703 2668 749 2708 Ψ,
770 2670 867 2701 cadit
882 2671 940 2701 PA
955 2669 1079 2711 aliique
1167 2674 1229 2701 300
1244 2671 1399 2702 uelantis
1416 2680 1455 2701 ex
1471 2671 1506 2709 P,
1524 2668 1601 2700 uide
1614 2677 1686 2700 xm
1704 2670 1767 2700 224

321 2726 383 2754 301
400 2722 499 2753 cibus
514 2720 550 2751 in
569 2720 672 2752 litura
687 2721 713 2752 P
801 2725 862 2753 307
879 2722 1009 2753 electro
1026 2720 1098 2761 ¹111),
1119 2723 1255 2753 eleon*
1275 2722 1301 2753 P
1388 2725 1450 2753 310
1469 2723 1535 2752 aut
1553 2722 1582 2752 G
1601 2720 1725 2762 aliique

278 2777 340 2806 315
363 2774 472 2805 habes
494 2771 559 2804 ΡΨ
575 2772 670 2811 (corr.
688 2783 727 2803 ex
743 2773 850 2804 habet
869 2773 913 2811 U)
933 2772 1128 2804 Lactantius
1145 2772 1251 2804 diuin.
1271 2773 1351 2804 inst.
1372 2781 1417 2804 111
1435 2773 1485 2811 29,
1506 2773 1591 2804 abes
1606 2773 1647 2812 A,
1666 2773 1770 2804 abest

234 2825 303 2857 flor.
324 2824 475 2856 Parisina
493 2823 616 2865 aliique
702 2832 765 2855 nos
789 2826 825 2856 te
849 2825 907 2856 PU
932 2823 1136 2863 Lactantius,
1165 2825 1227 2856 sed
1248 2826 1286 2856 te
1310 2823 1355 2863 Ψ,
1385 2825 1446 2856 sed
1467 2832 1531 2856 nos
1554 2824 1616 2855 AG
1704 2828 1767 2856 316

232 2886 295 2909 nos
319 2875 383 2909 ΡΨ
408 2875 614 2915 Lactantius,
641 2877 678 2907 te
701 2876 771 2908 AG.
821 2875 897 2906 uide
924 2884 949 2907 x
976 2876 1036 2907 365
1063 2886 1111 2917 sq.
1204 2880 1265 2908 319
1290 2876 1430 2908 suffecit
1453 2874 1500 2915 Ψ,
1524 2876 1653 2908 sufficit
1676 2876 1767 2909 PAU
