1947 3145
219 114 242 153 6
818 110 1145 152 IVVENALIS

348 230 451 271 hinc
475 230 646 271 subitae
671 234 830 270 mortes
855 233 983 282 atque
1008 228 1215 268 intestata
1241 231 1442 268 senectus.

213 315 275 346 145
345 305 382 346 it
406 319 516 346 noua
540 319 616 346 nec
640 304 779 345 tristis
804 317 879 357 per
903 309 1077 343 cunctas
1102 302 1248 343 fabula.
1272 314 1406 349 cenas,

346 380 520 421 ducitur
545 380 668 420 iratis
692 378 988 433 plaudendum
1013 377 1144 417 funus
1170 377 1329 417 amicis.

408 455 473 495 nil
495 455 579 496 erit
605 455 786 495 ulterius
812 453 923 507 quod
947 454 1106 494 nostris
1130 453 1316 493 moribus
1342 451 1475 492 addat

345 531 583 584 posteritas,
607 529 756 570 eadem
781 529 942 569 facient
967 529 1223 582 cupientque
1249 528 1446 575 minores,

347 619 469 647 omne
494 606 542 646 in
566 604 793 658 praecipiti
818 604 976 644 uitium
1001 603 1135 644 stetit.
1206 609 1322 644 utere
1347 602 1466 650 uelis,

213 690 276 721 150
348 685 461 721 totos
485 679 623 734 pande
648 680 779 720 sinus.
850 679 964 719 dicas
987 679 1055 719 hic
1081 679 1262 719 forsitan
1286 682 1294 697 ‘
1311 678 1425 718 unde

346 755 572 809 ingenium
596 768 674 808 par
698 754 934 794 materiae?
1002 753 1114 793 unde
1139 753 1214 793 illa
1238 753 1428 807 priorum

344 829 556 870 scribendi
581 828 880 882 quodcumque
905 828 1049 868 animo
1074 829 1282 882 flagrante
1307 827 1460 868 liberet

345 904 635 959 simplicitas?
705 904 862 944 “cuius
887 917 972 944 non
997 903 1129 943 audeo
1154 903 1291 944 dicere
1317 916 1472 943 nomen
1492 905 1504 942 2

343 980 447 1034 quid
471 980 614 1028 refert,
639 979 767 1021 dictis
792 980 985 1034 ignoscat
1011 979 1180 1020 Mucius
1204 992 1260 1018 an
1285 992 1370 1018 non
1388 980 1402 1018 2
1418 978 1436 991 '’

209 1065 270 1097 155
340 1068 448 1109 pone
475 1055 753 1110 Tigellinum,
780 1055 905 1096 taeda
929 1055 1090 1096 lucebis
1115 1054 1161 1094 in
1187 1053 1261 1094 illa

342 1144 426 1185 qua
451 1136 617 1172 stantes
643 1130 796 1172 ardent
822 1131 897 1185 qui
924 1132 1008 1171 fixo
1034 1134 1210 1184 gutture
1236 1129 1419 1178 fumant,

208 1215 294 1247 155³
345 1219 521 1259 quorum
548 1206 732 1260 informe
756 1219 860 1246 unco
886 1207 1077 1246 trahitur
1094 1209 1190 1258 post
1202 1205 1309 1259 fata
1333 1204 1516 1245 cadauer

342 1286 385 1322 et
410 1281 550 1322 latum
576 1280 718 1322 media
743 1281 909 1322 sulcum
935 1280 1108 1322 deducit
1132 1280 1316 1321 harena?

340 1356 413 1410 qui
438 1355 558 1397 dedit
583 1370 682 1411 ergo
708 1356 848 1397 tribus
871 1356 1038 1410 patruis
1062 1356 1243 1404 aconita,
1268 1356 1449 1396 uebatur

339 1431 577 1485 pensilibus
601 1431 761 1485 plumis
785 1436 916 1485 atque
941 1431 1063 1472 illinc
1089 1431 1297 1485 despiciat
1322 1432 1431 1471 nos?

209 1517 272 1547 160
342 1511 464 1547 ‘cum
488 1506 635 1547 ueniet
660 1511 821 1555 contra,
846 1507 982 1561 digito
1007 1520 1223 1561 compesce
1248 1505 1479 1546 labellum:

342 1587 561 1623 accusator
585 1582 666 1622 erit
691 1582 766 1636 qui
791 1583 970 1623 uerbum
994 1583 1153 1623 dixerit
1177 1582 1283 1623 “hic
1307 1581 1406 1622 est.”

341 1671 509 1699 securus
534 1657 634 1698 licet
658 1658 834 1698 Aenean
859 1658 1157 1712 Rutulumque
1183 1658 1366 1699 ferocem

339 1733 599 1781 committas,
624 1731 736 1772 nulli
761 1734 907 1787 grauis
932 1739 995 1774 est
1022 1746 1243 1787 percussus
1267 1732 1459 1773 Achilles

339 1813 416 1848 aut
441 1808 630 1848 multum
655 1808 876 1862 quaesitus
901 1808 1042 1863 Hylas
1068 1821 1307 1862 urnamque
1332 1812 1525 1848 secutus:

207 1894 268 1924 165
339 1897 436 1925 ense
461 1883 583 1924 uelut
608 1883 759 1924 stricto
785 1884 987 1937 quotiens
1013 1884 1203 1925 Lucilius
1227 1883 1380 1924 ardens

342 1959 580 2007 infremuit,
605 1959 730 2000 rubet
754 1959 927 2000 auditor
952 1961 1021 2000 0111
1046 1959 1202 2014 frigida
1227 1972 1347 2000 mens
1372 1963 1436 2000 est

343 2034 610 2083 criminibus,
635 2035 769 2075 tacita
794 2035 954 2076 sudant
978 2034 1224 2089 praecordia
1249 2034 1384 2088 culpa.

342 2109 443 2150 inde
468 2110 532 2150 ira
557 2115 600 2150 et
625 2109 833 2151 lacrimae.
906 2115 1049 2151 tecum
1073 2110 1194 2164 prius
1219 2123 1317 2164 ergo
1343 2110 1490 2151 uoluta

272 2201 334 2228 144
346 2198 509 2235 intestata,
527 2196 608 2228 adeo
621 2198 798 2230 inuisitata
810 2201 850 2230 ut
869 2202 951 2230 teste
965 2202 1083 2236 careat,
1099 2197 1176 2229 uide
1190 2198 1277 2229 Pers.
1295 2206 1324 2229 11
1340 2199 1454 2236 41-43,
1473 2197 1556 2229 Cels.
1576 2207 1587 2229 1
1602 2208 1743 2240 prooem.

206 2259 260 2290 pp.
284 2250 345 2280 1-2
368 2248 524 2281 Daremb.
547 2251 681 2291 uerique
703 2251 814 2281 simile
836 2254 879 2282 esd
903 2275 910 2282 .
940 2275 947 2282 .
976 2274 984 2283 .
1011 2261 1083 2282 eam
1105 2249 1363 2290 (ualetudinem)
1381 2250 1496 2282 bonam
1521 2251 1686 2290 contz'qissc
1710 2251 1746 2282 ob

206 2300 300 2332 bo‘nos
311 2311 424 2339 mores,
441 2311 519 2341 quos
537 2311 634 2342 nequo
646 2303 777 2333 desidia
789 2312 888 2343 neque
907 2303 1049 2334 luxuria
1066 2303 1252 2339 uitia7·a7zt,·
1268 2303 1433 2342 siquidem
1444 2302 1521 2333 hacc
1532 2303 1597 2333 dzw
1613 2312 1747 2343 corpora

280 2377 287 2384 .
315 2352 514 2393 afflixerunt,
543 2354 675 2394 ideoque
701 2355 879 2394 multiplex
903 2355 967 2386 ista
990 2355 1156 2386 wwclicz'na
1181 2379 1187 2385 .
1216 2378 1223 2386 .
1253 2378 1259 2385 .
1288 2355 1350 2385 uia)
1372 2355 1504 2395 aliquos
1525 2364 1563 2385 em
1585 2354 1676 2385 nobis
1702 2355 1747 2385 ad

205 2405 376 2435 senectutis
392 2405 567 2445 principia
584 2405 748 2444 perducit,
770 2405 843 2437 qu.
866 2415 906 2437 IV
923 2407 972 2444 97,
994 2406 1152 2438 Classical
1177 2406 1310 2437 Review
1328 2414 1401 2437 xm
1419 2406 1532 2445 (1899)
1549 2416 1604 2448 pp.
1626 2408 1741 2437 432-4.

206 2459 353 2487 ueterem
367 2456 611 2487 enarrationem
625 2457 770 2499 explosit
787 2457 980 2499 Maduigius
996 2457 1071 2490 adu.
1087 2467 1132 2489 111
1150 2469 1180 2500 p.
1195 2460 1257 2489 249
1339 2462 1401 2490 145
1417 2459 1449 2490 it
1464 2458 1530 2496 AL,
1547 2460 1585 2490 et
1600 2458 1626 2489 P
1640 2457 1743 2489 Vind.

207 2506 245 2538 Ψ
333 2511 396 2539 148
419 2509 564 2548 cupient
587 2509 788 2549 facientque
806 2509 909 2542 Vind.
929 2512 961 2543 U
1065 2514 1127 2542 150
1151 2511 1250 2542 dicas
1270 2508 1371 2541 Vind.
1392 2507 1439 2547 Ψ,
1460 2510 1554 2541 dices
1570 2510 1626 2541 Po
1683 2514 1745 2541 155

205 2559 340 2591 lucebis
356 2556 385 2589 Σ
400 2558 503 2590 Vind.
524 2561 652 2599 ALOU,
673 2561 806 2594 lucebit
821 2563 908 2594 PGT
962 2567 1024 2594 156
1041 2564 1188 2602 gutture
1206 2561 1307 2593 Vind.
1329 2562 1455 2598 GLTU,
1473 2571 1547 2592 cum
1555 2561 1631 2600 fixa
1647 2564 1747 2592 essent

206 2611 281 2642 illis
295 2613 434 2651 quatum
446 2609 484 2649 Σ,
505 2614 647 2651 pectore
663 2613 750 2645 PAO
817 2614 905 2646 inter
922 2619 984 2646 156
997 2618 1030 2646 et
1043 2619 1105 2646 157
1119 2613 1245 2645 excidit
1257 2623 1371 2644 uersus
1384 2611 1586 2651 huiusmodi,
1603 2622 1746 2653 quorum

206 2663 350 2702 informe
361 2673 444 2694 unco
459 2663 609 2694 trahitur
618 2668 686 2703 post
695 2665 775 2704 fata
791 2666 943 2703 cadauer,
958 2665 1035 2697 uide
1049 2666 1123 2697 Sen.
1141 2665 1181 2697 de
1198 2666 1246 2696 ira
1264 2673 1308 2697 111
1326 2667 1344 2696 3
1363 2666 1381 2696 6
1397 2665 1597 2696 circumdati
1611 2665 1747 2705 defossis

205 2714 392 2754 corporibus
417 2714 508 2753 iones
532 2717 560 2745 et
584 2715 749 2746 cadauera
773 2727 897 2757 quoque
924 2718 1057 2749 trahens
1084 2727 1187 2748 uncus
1274 2720 1336 2748 157
1359 2717 1504 2748 deducis
1530 2717 1584 2748 Lo
1683 2721 1744 2749 158

205 2765 361 2797 uehatur
380 2766 407 2797 P
423 2764 525 2796 Vind.
547 2767 616 2804 OU,
636 2768 787 2799 uehetur
809 2768 847 2799 Ψ
937 2773 998 2801 159
1020 2770 1194 2808 despitiat
1210 2767 1312 2799 Vind.
1334 2769 1374 2806 U,
1395 2768 1551 2807 despicia
1573 2770 1610 2800 et
1632 2769 1666 2807 P,
1687 2769 1744 2800 de-

205 2818 334 2857 spiciet
344 2814 382 2847 Ψ
449 2821 510 2849 161
524 2819 670 2850 uerbum
680 2820 715 2856 P,
732 2829 840 2851 uersu
851 2820 963 2858 Vind.,
975 2830 1099 2852 uerum
1109 2818 1147 2850 Ψ
1214 2824 1275 2851 168
1288 2821 1343 2851 ira
1352 2820 1478 2857 AGLO,
1493 2820 1569 2851 irae
1579 2820 1630 2851 Ps
1642 2819 1743 2851 Vind.

205 2870 273 2908 Tu,
295 2870 373 2901 inde
390 2870 444 2900 ira
459 2869 511 2909 (G,
532 2870 623 2901 indie
639 2870 710 2901 irae
729 2872 766 2909 A,
790 2873 865 2902 inde
881 2876 908 2903 et
924 2873 993 2902 irae
1006 2872 1045 2911 C)
1062 2876 1090 2902 et
1109 2872 1265 2902 lacrimae
1278 2871 1435 2912 Cypriam.
1453 2870 1582 2912 heptat.
1595 2881 1668 2913 gen.
1684 2872 1745 2904 895
