1947 3145
762 109 996 150 SATVRA
1032 108 1156 149 XIII
1632 110 1653 150 1
1665 110 1685 149 1
1697 108 1722 152 7

324 228 576 270 numinibus
599 228 800 269 miserum
825 227 1064 282 urguebant
1088 227 1271 268 Atlanta
1296 226 1451 268 minori

322 303 532 357 pondere3
567 303 759 344 nondum
784 303 865 343 imi
891 303 1067 343 sortitus
1092 303 1215 343 triste
1238 302 1439 356 profundi

211 389 251 420 50
322 378 552 432 imperium
577 378 721 419 Sicula
747 382 890 418 toruos
913 391 1011 418 oum
1035 378 1214 432 coniuge
1239 377 1411 426 Pluton,

322 466 400 494 1100
423 458 516 494 rota
540 466 618 493 neo
642 453 795 492 Furiae
821 466 897 493 neo
923 466 1074 492 saxum
1099 457 1175 492 aut
1199 452 1386 493 uulturis
1409 452 1493 493 atri

322 541 469 582 poena,
493 528 565 569 sed
589 527 770 568 infernis
794 527 950 568 hilares
976 527 1065 568 sine
1089 527 1261 581 regibus
1285 527 1471 568 umbrae.

322 603 559 657 inprobitas
583 603 658 643 illo
683 602 769 643 fuit
793 602 1057 642 admirabilis
1082 615 1185 642 aeuo

321 678 550 719 credebant
575 692 658 731 quo
682 676 844 732 grande
868 677 988 718 nefas
1012 681 1054 718 et
1078 680 1214 717 morte
1237 677 1443 731 piandum

208 763 249 795 55
321 753 356 794 si
381 753 551 794 iuuenis
575 753 724 794 uetulo
749 766 834 793 non
860 752 1160 793 adsurrexerat,
1184 757 1227 793 et
1253 753 1287 793 si

321 828 500 870 barbato
524 828 776 882 cuicumque
800 841 916 882 puer,
940 828 1041 868 11001,
1065 828 1154 882 ipse
1179 828 1344 869 uideret

320 903 447 958 plura
471 903 585 944 domi
610 903 726 958 fraga
750 908 793 943 et
817 903 997 943 maiores
1021 902 1190 957 glandis
1208 916 1403 953 aeeruos3

321 983 411 1019 tam
435 978 679 1019 uenerabile
703 982 795 1018 erat
818 978 1063 1032 praeoedere
1087 982 1295 1031 quattuor
1318 979 1453 1027 annis,

321 1053 544 1108 primaque
568 1068 644 1107 par
669 1053 771 1094 adeo
795 1067 934 1094 sacrae
957 1054 1113 1108 lanugo
1138 1058 1340 1095 senectae.

207 1140 249 1171 60
319 1142 434 1170 nuno
458 1129 495 1169 si
519 1128 762 1182 depositum
786 1143 872 1169 non
896 1129 1111 1170 infitietur
1134 1129 1309 1178 amicus,

321 1204 356 1245 si
378 1203 528 1244 reddat
551 1208 740 1244 ueterem
764 1217 862 1244 011111
888 1207 979 1244 tota
1004 1204 1204 1258 aerugine
1230 1204 1387 1254 follem,

318 1279 558 1334 prodigiosa
584 1278 686 1319 fides
711 1283 754 1319 et
778 1279 923 1319 Tuscis
948 1279 1079 1333 digna
1103 1279 1260 1321 libellis

319 1366 510 1408 quaeque
534 1358 733 1394 coronata
757 1353 928 1394 lustrari
954 1353 1105 1394 debeat
1130 1368 1250 1409 agna.

320 1429 538 1484 egregium
564 1434 845 1483 sanctumque
871 1429 1014 1469 uirum
1040 1430 1075 1470 si
1099 1443 1236 1479 cerno,
1260 1431 1487 1473 bimembri

206 1514 246 1546 65
317 1504 394 1545 1100
419 1508 660 1545 monstrum
684 1518 816 1558 puero
840 1509 883 1545 et
907 1504 1085 1545 miranti
1110 1505 1187 1545 sub
1211 1511 1352 1547 aratro

316 1579 505 1634 piscibus
530 1579 721 1620 inuentis
745 1584 788 1620 et
812 1579 923 1620 fetae
947 1593 1142 1633 comparo
1166 1581 1320 1630 mulae,

318 1654 538 1703 sollicitus,
563 1659 785 1708 tamquam
810 1654 973 1708 lapides
997 1655 1193 1696 effuderit
1217 1656 1353 1697 imber

318 1743 581 1784 examenque
606 1729 752 1783 apium
777 1729 903 1784 longa
927 1730 1163 1771 consederit
1187 1745 1273 1771 uua

316 1805 503 1846 eulmine
528 1804 705 1853 delubri,
730 1809 952 1858 tamquam
976 1805 1022 1845 in
1046 1818 1162 1846 mare
1185 1806 1359 1848 fluxerit
1382 1808 1520 1849 amnis

205 1889 246 1923 70
317 1880 560 1936 gurgitibus
585 1880 706 1920 miris
730 1884 773 1920 et
797 1880 922 1920 laetis
947 1881 1108 1921 uertice
1133 1885 1310 1923 torrens.

383 1955 620 2009 intercepta
646 1955 791 1995 decem
816 1956 1004 2009 quereris
1029 1957 1222 1997 sestertia
1248 1957 1396 1998 fraude

317 2031 532 2086 sacrilega.
603 2031 708 2085 quid
732 2031 767 2072 si
792 2031 858 2071 bis
882 2036 1055 2072 eentum
1080 2031 1268 2086 perdidit
1292 2033 1401 2074 alter

316 2105 394 2147 hoo
418 2119 573 2147 aroana
598 2105 731 2155 modo,
756 2106 960 2147 maiorem
985 2107 1139 2147 tertius
1163 2107 1239 2147 illa

244 2255 287 2285 48
310 2252 479 2284 miserum
504 2252 541 2284 in
565 2251 669 2284 litura.
696 2253 731 2291 P,
759 2254 930 2284 testantur
955 2252 1053 2284 Prisc.
1083 2253 1213 2286 G.L.K.
1243 2263 1271 2285 11
1296 2265 1328 2296 p.
1356 2256 1418 2287 346
1442 2258 1477 2288 et
1500 2256 1603 2289 schol.
1633 2256 1720 2289 Stat.

177 2303 282 2336 Theb.
311 2312 336 2336 v
359 2305 422 2336 430
509 2309 551 2336 49
575 2304 673 2343 imi,*
698 2315 762 2335 om.
787 2305 822 2343 P,
850 2305 981 2344 aliquis
1005 2303 1052 2344 Ψ,
1072 2303 1150 2336 uide
1175 2305 1274 2337 Ouid.
1303 2309 1382 2338 met.
1404 2316 1443 2339 iv
1467 2310 1529 2340 444
1553 2309 1618 2340 imi
1639 2312 1720 2340 tecta

179 2356 321 2396 tyranni
407 2360 449 2388 50
472 2357 660 2396 imperium
676 2357 740 2393 Lo,
757 2356 945 2396 imperium
960 2357 1026 2387 aut
1048 2355 1113 2387 ΡΨ
1128 2368 1135 2395 ;
1159 2359 1195 2388 at
1211 2356 1252 2388 de
1270 2357 1431 2400 Neptuno
1447 2369 1635 2392 sermonem
1650 2371 1718 2392 non

179 2416 249 2439 esse
265 2405 477 2439 demonstrat
493 2408 584 2439 triste
600 2406 815 2444 adieetiuum,
833 2406 911 2438 uide
934 2407 1015 2438 Hor.
1038 2417 1138 2439 carm.
1160 2416 1205 2439 111
1223 2410 1242 2439 4
1260 2410 1299 2440 46
1322 2420 1484 2451 reynaque
1499 2412 1622 2450 tristia,
1643 2411 1718 2443 Sen.

180 2457 272 2491 Med.
300 2460 338 2491 11
363 2459 600 2499 dominumque
623 2460 717 2499 requi
740 2459 855 2498 tristis,
884 2458 972 2490 Stat.
1000 2458 1105 2491 Theb.
1127 2468 1200 2491 VIII
1225 2461 1265 2492 80
1289 2462 1381 2502 reyia
1404 2463 1511 2494 tristis
1597 2465 1720 2496 toruos

179 2521 221 2542 ex
248 2511 275 2543 P
361 2511 464 2551 pluto
489 2511 515 2542 P
539 2510 674 2552 aliique,
703 2509 760 2541 sed
784 2509 862 2541 uide
886 2509 929 2541 ad
955 2519 999 2541 111
1022 2512 1084 2542 205
1174 2516 1214 2544 52
1237 2514 1299 2544 sed
1324 2523 1387 2545 om.
1410 2515 1436 2546 P
1523 2519 1565 2547 54
1590 2524 1657 2556 quo
1678 2516 1714 2553 P,

180 2564 274 2604 quod
298 2561 336 2594 Ψ
425 2567 466 2595 57
491 2564 594 2603 fraga
621 2561 677 2594 ΡΣ
701 2562 835 2604 aliique,
862 2564 962 2594 farra
986 2561 1023 2593 Ψ
1112 2567 1152 2595 59
1180 2573 1246 2604 par
1270 2565 1358 2597 adeo
1381 2564 1428 2605 Ψ,
1460 2575 1544 2607 pars
1567 2568 1655 2600 adeo
1680 2568 1715 2606 F,

180 2615 331 2647 catadeo
354 2615 415 2653 Ps,
436 2623 520 2646 cara
544 2615 632 2647 adeo
655 2615 684 2646 G
773 2619 813 2646 65
836 2615 902 2646 hoc
924 2615 1039 2647 PSGU
1062 2614 1164 2646 schol.
1191 2615 1277 2648 Stat.
1304 2616 1408 2648 Theb.
1436 2626 1449 2649 1
1475 2617 1547 2657 457,
1574 2621 1616 2651 ut
1639 2617 1677 2650 Ψ

223 2668 261 2698 et
290 2665 328 2697 Ψ
359 2668 394 2697 et
424 2668 464 2698 ut
491 2664 628 2697 uidetur
655 2667 690 2704 P,
725 2668 790 2698 aut
821 2667 891 2704 GU,
919 2667 977 2698 uel
1007 2675 1030 2706 p
1061 2665 1131 2697 fior.
1160 2666 1312 2698 Parisina
1342 2670 1377 2700 et
1407 2668 1619 2712 Frisingense

222 2718 371 2750 miranti
408 2716 455 2757 Ψ,
490 2718 656 2749 mirantis
695 2718 734 2756 G,
768 2718 940 2749 mirandis
974 2718 1032 2749 PA
1070 2716 1204 2759 aliique,
1246 2719 1531 2760 quemadmodum
1562 2730 1618 2753 V11
1657 2723 1719 2754 208

179 2770 353 2810 spirandis
379 2771 405 2802 P
435 2780 495 2811 pro
522 2771 692 2810 spirantis,
725 2768 815 2800 idem
846 2770 1012 2801 contrario
1040 2780 1147 2801 errore
1177 2779 1202 2801 x
1230 2772 1292 2802 240
1319 2772 1458 2804 ducenta
1484 2783 1544 2815 pro
1570 2774 1720 2806 ducenda

268 2825 308 2853 69
325 2822 441 2853 amnis
457 2831 521 2853 om.
542 2822 568 2853 P
657 2825 698 2852 70
717 2824 778 2852 aut
800 2821 910 2852 lacteis
931 2824 991 2852 aut
1012 2822 1206 2862 sanquineis
1227 2821 1264 2862 Σ,
1286 2822 1376 2855 unde
1398 2825 1518 2856 mimis
1538 2824 1716 2865 Porsonus,

180 2871 294 2904 rubris
310 2871 481 2904 Iacobsius
496 2884 504 2911 ;
529 2871 684 2914 equidem
701 2874 734 2903 ἓν
751 2873 802 2903 διὰ
819 2873 899 2903 δυοῖν
916 2882 1058 2914 agnosco
