1947 3145
251 107 272 145 1
285 107 308 146 2
844 106 1174 147 IVVENALIS

379 236 485 277 quae
509 237 634 264 causa
659 223 818 264 officii?
887 227 895 242 ‘
912 222 1015 276 quid
1041 223 1238 276 quaeris?
1307 223 1435 264 nubit
1459 224 1622 265 amicus

245 307 306 338 135
377 311 454 338 nec
478 297 635 338 multos
660 297 858 338 adhibet?
929 296 1056 337 liceat
1080 297 1203 337 modo
1227 297 1387 347 uiuere,
1411 298 1529 347 fient,

379 373 484 413 fient
508 373 592 413 ista
616 372 770 426 palam,
795 372 970 425 cupient
995 376 1037 412 et
1062 372 1107 411 in
1133 376 1228 413 acta
1251 373 1407 413 referri.

378 447 543 488 interea
569 451 833 488 tormentum
858 447 1009 500 ingens
1034 447 1295 488 nubentibus
1321 448 1468 488 haeret

378 521 490 575 quod
515 526 729 575 nequeant
754 535 900 574 parere
924 526 967 561 et
992 527 1120 574 partu
1144 522 1328 562 retinere
1354 522 1540 563 maritos.

378 597 450 636 sed
474 596 639 644 melius,
665 595 778 649 quod
803 595 866 635 nil
890 596 1047 636 animis
1071 596 1117 636 in
1140 610 1313 650 corpora
1338 597 1445 637 iuris

244 681 305 711 140
377 677 532 712 natura
557 670 778 724 indulget:
815 670 980 711 steriles
1004 671 1260 720 moriuntur,
1284 676 1328 712 et
1352 671 1440 712 illis

377 745 549 800 turgida
574 759 660 786 non
684 745 857 799 prodest
881 745 1053 786 condita
1078 746 1237 799 pyxide
1262 746 1391 800 Lyde,

377 835 452 861 nec
477 820 647 875 prodest
672 820 776 874 agili
800 820 964 874 palmas
988 821 1186 874 praebere
1211 821 1393 875 luperco

376 896 481 936 uicit
507 900 550 935 et
574 896 654 936 hoc
678 901 918 936 monstrum
944 896 1129 936 tunicati
1154 896 1324 937 fuscina
1348 897 1543 945 Gracchi,

376 971 668 1024 lustrauitque
695 970 795 1024 fuga
820 970 1006 1010 mediani
1031 970 1245 1024 gladiator
1270 971 1476 1011 harenam

241 1056 302 1086 145
374 1052 416 1086 et
443 1045 700 1099 Capitolinis
724 1047 965 1100 generosior
988 1052 1031 1086 et
1056 1045 1278 1086 Marcellis

376 1128 418 1161 et
445 1121 590 1161 Catuli
616 1121 827 1175 Paulique
852 1121 1092 1161 minoribus
1116 1127 1160 1161 et
1186 1121 1331 1162 Fabiis
1356 1127 1400 1163 et

375 1197 574 1237 omnibus
598 1196 652 1237 ad
677 1196 855 1251 podium
881 1197 1187 1250 spectantibus,
1212 1197 1279 1237 his
1303 1197 1406 1238 licet
1431 1198 1572 1252 ipsum

373 1271 600 1313 admoneas
625 1273 744 1314 cuius
769 1278 874 1313 tunc
899 1285 1073 1312 munere
1097 1272 1207 1312 retia
1231 1273 1363 1314 misit.

441 1360 528 1388 esse
554 1347 720 1402 aliquos
744 1360 891 1388 manes
915 1353 958 1388 et
984 1347 1260 1388 subterranea
1284 1361 1427 1403 regna,

241 1432 302 1463 150
375 1422 585 1477 Cocytum
610 1429 654 1464 et
680 1423 830 1477 Stygio
856 1437 980 1464 ranas
1004 1423 1050 1463 in
1075 1423 1248 1477 gurgite
1273 1423 1427 1478 nigras,

374 1505 502 1552 atque
527 1512 613 1539 una
638 1499 821 1540 transire
846 1499 1006 1539 uadum
1032 1504 1098 1539 tot
1123 1498 1244 1538 milia
1269 1499 1421 1539 cumba

375 1587 452 1614 nec
476 1574 600 1627 pueri
624 1573 817 1623 credunt,
842 1574 927 1614 nisi
953 1574 1027 1628 qui
1053 1573 1243 1614 nondum
1268 1587 1363 1616 aere
1388 1574 1603 1616 lauantur.

374 1649 446 1690 sed
472 1655 520 1690 tu
545 1663 644 1690 uera
667 1654 799 1703 puta:
870 1650 1024 1690 Curius
1049 1649 1153 1703 quid
1179 1650 1315 1690 sentit
1340 1655 1385 1691 et
1409 1650 1534 1691 ambo

376 1724 607 1778 Scipiadae,
632 1725 736 1778 quid
760 1725 981 1765 Fabricius
1006 1738 1236 1778 manesque
1262 1725 1450 1775 Camilli,

242 1810 303 1841 155
373 1800 479 1854 quid
504 1800 725 1841 Cremerae
750 1800 860 1855 legio
885 1806 928 1841 et
953 1800 1115 1841 Cannis
1140 1806 1392 1854 consumpta
1418 1801 1634 1850 iuuentus,

375 1881 439 1916 tot
463 1875 673 1917 bellorum
698 1876 878 1924 animae,
905 1876 1104 1930 quotiens
1128 1876 1230 1916 hinc
1255 1876 1357 1917 talis
1381 1876 1435 1917 ad
1460 1876 1556 1917 illos

375 1952 525 1991 umbra
549 1952 701 1992 uenit?
771 1958 976 2006 cuperent
1000 1952 1186 2001 lustrari,
1212 1952 1247 1992 si
1273 1965 1356 2006 qua
1380 1952 1587 1992 darentur

376 2027 551 2081 sulpura
575 2040 673 2068 cum
699 2027 835 2068 taedis
860 2033 903 2068 et
929 2028 964 2067 si
990 2028 1099 2068 foret
1124 2027 1271 2067 umida
1296 2027 1454 2068 laurus.

375 2102 465 2143 illic
489 2103 573 2143 heu
597 2102 741 2143 miseri
766 2102 1044 2143 traducimur.
1115 2116 1234 2142 arma
1258 2102 1431 2156 quidem
1457 2102 1574 2143 ultra

243 2188 304 2218 160
373 2177 502 2218 litora
529 2178 739 2219 quernae
763 2178 1056 2232 promouimus
1081 2184 1124 2219 et
1149 2177 1274 2218 modo
1299 2183 1445 2231 captas

376 2253 560 2294 Orcadas
584 2266 631 2293 ac
656 2253 839 2294 minima
863 2258 1086 2294 contentos
1110 2258 1232 2293 nocte
1257 2253 1501 2302 Britannos,

374 2328 447 2369 sed
471 2342 579 2382 quae
604 2342 720 2369 nunc
745 2328 894 2383 populi
920 2329 1031 2370 fiunt
1057 2328 1232 2369 uictoris
1256 2328 1304 2368 in
1329 2328 1432 2369 111110

375 2418 460 2445 non
485 2403 647 2444 faciunt
672 2404 739 2444 illi
764 2417 870 2457 quos
894 2404 1089 2445 uicimus.
1160 2409 1203 2444 et
1228 2409 1373 2445 tamen
1398 2418 1509 2444 unus

376 2479 609 2520 Armenius
637 2478 808 2520 Zalaces
832 2479 1002 2520 cunctis
1028 2484 1228 2520 narratur
1253 2479 1427 2534 ephebis

303 2571 364 2599 138
395 2568 574 2606 nequeant
604 2567 641 2605 P,
667 2569 822 2607 nequeat
853 2569 892 2605 0,
921 2570 1103 2608 nequeunt
1130 2566 1233 2599 Vind.
1265 2566 1303 2598 Ψ
1403 2571 1466 2599 140
1492 2567 1643 2598 indulsit
1670 2565 1772 2597 Vind.

323 2620 525 2651 moriuntur
547 2619 573 2649 P
596 2618 699 2650 Vind.
728 2620 797 2657 Ao,
825 2621 1022 2652 morientur
1045 2619 1082 2651 Ψ
1171 2624 1234 2652 146
1262 2620 1373 2651 catuli
1396 2620 1564 2659 paulique
1587 2619 1621 2653 P,
1647 2618 1778 2649 catulis

235 2672 422 2711 paulisque
445 2669 549 2702 Vind.
577 2669 615 2701 Ψ
715 2675 777 2703 150
808 2672 969 2703 cocitum
1008 2671 1239 2713 Liutprandus
1269 2670 1428 2712 autapod.
1464 2671 1483 2701 5
1515 2671 1533 2701 8
1560 2680 1622 2700 esse
1648 2670 1779 2709 aliquos

236 2733 350 2755 ‘manes
376 2726 404 2754 et
430 2723 644 2754 subterranea
671 2733 770 2762 regma
798 2725 835 2754 ίιι
863 2724 983 2763 quibus
1004 2725 1163 2764 periuria
1186 2723 1390 2763 puniantur,
1421 2723 1596 2754 Cocz'tum
1621 2722 1721 2752 etiam
1745 2725 1778 2751 et

237 2776 367 2815 Stiqio
393 2784 513 2805 ranas
539 2775 578 2805 in
602 2776 761 2814 ynryz'te
784 2776 933 2814 niqra&
961 2778 998 2807 et
1021 2778 1164 2807 contum
1187 2773 1217 2806 Σ
1240 2773 1342 2805 vind.
1363 2773 1411 2812 Ψ,
1432 2776 1469 2805 et
1491 2775 1641 2814 pontum
1664 2773 1777 2805 Ps'ru

321 2831 382 2859 159
399 2827 473 2858 illic
489 2825 593 2857 vind.
615 2827 679 2859 GL.
703 2827 788 2858 illue
805 2828 897 2859 ATU
914 2831 947 2858 et
964 2828 998 2858 111
1019 2827 1124 2859 litura
1139 2826 1303 2858 breuioris
1318 2826 1410 2857 uocis
1426 2827 1461 2863 P,
1481 2826 1589 2858 istinc
1605 2826 1632 2858 Ο

277 2884 338 2912 161
355 2888 397 2911 ac
413 2879 439 2910 P
455 2877 558 2909 vind.
580 2877 627 2917 Ψ,
648 2880 686 2910 et
709 2878 801 2910 Seru.
823 2879 906 2910 Aen.
928 2888 966 2910 1⁷1
985 2881 1046 2910 265
1065 2883 1098 2910 et
1114 2878 1181 2909 duo
1199 2877 1355 2919 Rupertii
1371 2876 1499 2908 codices
