1947 3145
757 89 989 130 SATVRA
1025 89 1068 129 X
1614 87 1638 126 9
1648 86 1672 126 5

274 209 627 264 suppositumque
652 208 758 249 rotis
783 207 966 248 solidum
991 219 1107 246 mare
1131 204 1357 252 credimus,
1381 203 1491 244 altos

274 285 472 326 defecisse
496 298 641 325 amnes
665 288 872 337 epotaque
896 283 1076 323 flumina
1100 280 1229 321 Medo

273 360 506 414 prandente
531 364 573 400 et
597 358 782 399 madidis
807 363 954 398 cantat
979 371 1085 411 quae
1111 357 1334 397 Sostratus
1359 353 1466 404 alis;

274 435 347 476 ille
371 440 515 476 tamen
537 434 677 488 qualis
702 434 831 474 rediit
858 433 1072 474 Salamine
1096 431 1258 479 relicta,

141 521 204 552 180
272 511 319 551 in
344 510 502 551 Corum
526 514 656 563 atque
675 508 838 549 Eurum
863 507 1015 548 solitus
1040 506 1203 548 saeuire
1228 504 1407 560 flagellis

272 586 476 627 barbarus
499 584 650 625 Aeolio
675 597 913 637 numquam
938 584 1016 623 hoc
1039 583 1086 623 in
1109 595 1272 623 carcere
1295 593 1452 635 passos

275 661 419 716 ipsum
442 659 705 714 conpedibus
730 659 805 713 qui
831 659 1032 698 uinxerat
1057 657 1377 712 Ennosigaeum

275 736 444 791 (mitius
468 735 514 776 id
538 748 638 776 sane
663 734 776 788 quod
799 748 887 774 non
912 738 955 774 et
980 733 1181 788 stigmate
1206 732 1389 787 dignum

275 810 482 853 credidit:
518 810 617 850 huic
642 809 872 864 quisquam
897 808 1029 849 uellet
1054 808 1214 848 seruire
1238 806 1532 858 (1601111112)-

142 898 204 930 185
274 886 347 928 sed
370 885 510 940 qualis
534 885 695 926 rediit?
764 897 915 937 nempe
940 897 1026 923 una
1051 896 1173 931 naue,
1197 881 1387 923 cruentis

275 962 480 1002 fluctibus
503 974 551 1002 ac
575 959 699 1001 tarda
724 973 800 1014 per
823 958 953 999 densa
978 958 1184 998 cadauera
1210 971 1345 1011 prora.

275 1038 354 1078 has
378 1037 541 1078 totiens
566 1039 718 1090 optata
742 1034 886 1089 exegit
911 1033 1046 1088 gloria
1070 1046 1235 1087 poenas.

341 1117 351 1132 ‘
368 1112 422 1153 da
445 1111 634 1166 spatium
659 1111 789 1159 uitae,
814 1110 977 1150 multos
1001 1109 1066 1157 da,
1092 1108 1303 1162 Iuppiter,
1320 1107 1477 1148 annos.’

276 1188 356 1229 hoc
379 1192 493 1228 recto
518 1186 654 1235 uoltu,
678 1185 816 1226 solum
841 1186 920 1226 hoe
944 1189 987 1225 et
1012 1184 1200 1238 pallidus
1225 1188 1356 1237 optas.

144 1274 206 1306 190
275 1263 347 1305 sed
371 1277 501 1318 quam
523 1262 741 1303 continuis
765 1266 808 1302 et
833 1261 1008 1315 quantis
1032 1260 1160 1314 longa
1185 1263 1378 1300 senectus

276 1338 403 1392 plena
426 1338 576 1379 malis!
645 1337 879 1378 deformem
904 1340 946 1377 et
972 1340 1161 1376 taetrum
1185 1339 1286 1375 ante
1311 1334 1455 1374 omnia
1480 1332 1652 1373 uultum

277 1413 615 1467 dissimilemque
639 1412 718 1461 sui,
743 1412 976 1453 deformem
1000 1425 1077 1465 pro
1101 1415 1201 1451 cute
1224 1409 1380 1464 pellem

276 1489 588 1545 pendentisque
613 1501 742 1543 genas
767 1494 810 1529 et
836 1487 938 1528 talis
962 1486 1100 1540 aspice
1125 1499 1251 1540 rugas

278 1564 438 1619 quales,
461 1563 720 1604 umbriferos
744 1563 817 1603 ubi
842 1562 996 1616 pandit
1022 1561 1238 1601 Thabraca
1263 1559 1412 1609 saltus,

146 1651 208 1683 195
277 1641 324 1681 in
348 1640 499 1681 uetula
523 1639 677 1693 scalpit
702 1638 788 1678 iam
813 1643 952 1679 mater
977 1637 1103 1678 simia
1127 1637 1272 1677 bucca.

278 1715 465 1770 plurima
489 1718 592 1755 sunt
616 1714 825 1754 iuuenum
850 1713 1110 1761 discrimina,
1133 1710 1351 1765 pulchrior
1375 1710 1448 1750 ille

279 1791 360 1831 hoc
382 1794 512 1844 atque
537 1803 603 1829 ore
627 1788 724 1836 alio,
747 1787 936 1828 multum
962 1787 1031 1827 hic
1057 1786 1272 1827 robustior
1295 1785 1396 1826 illo:

278 1879 365 1906 una
389 1878 542 1906 senum
566 1863 705 1912 facies,
729 1877 826 1904 cum
851 1876 952 1903 uoce
977 1861 1204 1903 trementia
1228 1860 1419 1900 membra

279 1945 323 1982 et
345 1941 433 1981 iam
456 1940 550 1980 leue
573 1943 700 1993 caput
724 1937 970 1991 madidique
995 1936 1182 1977 infantia
1206 1935 1326 1986 nasi3

146 2027 210 2058 200
278 2015 537 2070 frangendus
560 2015 714 2055 misero
740 2013 918 2068 gingiua
941 2012 1066 2066 panis
1090 2011 1253 2052 inermi.

280 2104 417 2145 usque
440 2090 542 2131 adeo
566 2089 709 2145 grauis
733 2089 857 2129 uxori
882 2088 1085 2142 natisque
1110 2087 1274 2141 sibique

280 2171 330 2207 ut
353 2165 566 2220 captatori
589 2169 763 2206 moueat
787 2163 961 2205 fastidia
987 2162 1124 2204 Cosso.

280 2255 367 2282 non
391 2241 536 2282 eadem
559 2240 656 2281 uini
680 2244 808 2294 atque
833 2239 917 2280 cibi
942 2242 1140 2292 torpente
1165 2237 1309 2291 palato

281 2315 446 2372 gaudia.
517 2329 618 2356 nam
641 2315 779 2356 coitus
803 2315 890 2355 iam
914 2314 1042 2368 longa
1066 2313 1252 2364 obliui03
1287 2312 1360 2354 uel
1384 2312 1422 2354 si

213 2450 277 2479 184
291 2446 444 2478 credidit.
466 2446 524 2477 PG
546 2444 630 2476 Brit.
661 2445 778 2483 30861,
798 2444 958 2475 crederet
981 2441 1027 2474 Ψ.
1074 2444 1134 2473 aut
1157 2452 1216 2483 pro
1239 2442 1325 2483 quod
1348 2465 1355 2474 .
1380 2466 1388 2474 .
1413 2465 1420 2474 .
1445 2441 1585 2473 credidit
1609 2451 1685 2473 oum

146 2498 236 2530 Guil.
262 2498 299 2530 E.
328 2497 468 2529 XVebero
491 2497 598 2537 quid?
631 2520 638 2528 .
666 2521 672 2528 .
703 2520 710 2528 .
738 2496 906 2527 credidit?
937 2493 1152 2526 scribendum
1182 2493 1318 2525 uidetur
1351 2496 1411 2526 aut
1433 2504 1493 2536 pro
1516 2494 1614 2525 uellet
1637 2503 1685 2525 re-

146 2549 343 2592 ponendum
365 2549 474 2588 nollet,
502 2559 544 2579 ne
567 2551 638 2579 tam
662 2547 775 2579 subito
799 2546 970 2578 deseratur
993 2546 1101 2577 ironia
1190 2549 1252 2578 189
1274 2547 1373 2578 recto
1395 2546 1498 2578 uoltu
1522 2546 1561 2585 G,
1588 2547 1686 2577 recto

146 2603 253 2634 uultu
272 2602 341 2640 AT,
358 2602 464 2634 uultu
479 2602 520 2639 U,
541 2601 616 2632 alto
633 2600 745 2638 (eras)
761 2601 859 2631 recto
875 2599 980 2630 uultu
995 2599 1031 2637 P,
1051 2598 1116 2630 hoc
1133 2598 1230 2629 altus
1247 2598 1296 2636 (L,
1312 2598 1405 2630 alius
1421 2598 1463 2637 Ο)
1479 2598 1686 2637 caelumque

146 2655 253 2684 tuens
268 2653 334 2685 hoc
349 2661 381 2692 p.
399 2661 429 2683 o.
450 2652 515 2688 Lo,
536 2652 601 2682 hoc
624 2651 721 2682 altus
738 2651 874 2681 caelum
897 2650 1040 2681 intuens
1056 2649 1180 2680 uultus
1205 2657 1312 2680 sonus
1334 2649 1398 2680 hoc
1415 2650 1451 2681 et
1467 2657 1500 2689 p.
1523 2657 1552 2680 o.
1573 2649 1599 2680 F

192 2708 254 2736 197
277 2703 370 2742 ore‚*
394 2713 460 2735 om.
487 2703 541 2735 Po
564 2702 667 2733 Burn.
690 2702 762 2740 192,
789 2702 848 2732 ille
872 2699 909 2731 Ψ
933 2700 1011 2732 G.L.
1020 2700 1059 2731 K.
1086 2709 1124 2731 1v
1147 2710 1178 2741 p.
1208 2702 1270 2731 492
1293 2700 1496 2732 inconcinna
1519 2699 1680 2731 oratione.

146 2753 214 2786 alia.
240 2755 348 2786 conici
374 2757 528 2797 possunt,
554 2753 650 2785 uelut
679 2754 837 2794 uoltuque
864 2752 957 2791 azi0;
987 2752 1100 2783 minus
1126 2751 1254 2783 bonum
1277 2751 1414 2784 uidetur
1438 2753 1592 2792 aliusque
1615 2751 1686 2782 alio

233 2808 386 2839 multum
409 2805 484 2845 ΡΨ,
518 2806 630 2838 multo
655 2804 784 2836 G.L.K.
812 2803 894 2836 ibid.
988 2808 1050 2836 198
1077 2805 1235 2836 membra.
1265 2803 1339 2843 ΡΨ,
1369 2814 1433 2835 om.
1462 2803 1533 2836 flor.
1565 2802 1681 2845 sang„

146 2859 252 2891 labra
266 2859 336 2896 GU,
353 2859 464 2891 uerba
480 2859 506 2890 L
