1947 3145
756 102 989 144 SATVRA
1023 103 1090 143 VI
1630 107 1653 147 5
1663 107 1687 147 5

292 219 428 274 spirat
453 224 496 261 et
520 220 622 260 hino
645 219 791 260 miseri
816 220 1037 261 niscantur
1062 221 1182 261 labra
1206 220 1364 261 mariti.

292 295 365 348 (ad
390 295 614 335 moechum
638 295 726 335 lota
751 295 937 336 ueniunt
960 300 1067 337 cute.
1138 296 1309 349 quando
1334 295 1471 336 uideri

155 379 218 411 465
287 370 385 411 uult
408 370 622 411 formonsa
647 369 794 411 domi?
862 371 1048 412 moechis
1072 371 1222 412 foliata
1246 375 1466 425 parantur,

290 445 357 486 his
381 445 541 486 emitur
565 444 772 499 quidquid
796 445 974 499 graciles
998 446 1082 486 huc
1105 447 1284 487 mittitis
1309 446 1442 500 Indi.)

290 520 466 562 tandem
490 520 629 573 aperit
654 520 831 561 uultum
856 525 900 562 et
926 522 1104 562 tectoria
1128 522 1267 576 prima
1291 522 1471 576 reponit,

288 596 443 649 incipit
467 596 650 650 agnosci,
675 600 803 649 atque
828 595 903 637 illo
928 597 1038 638 lacte
1062 597 1231 638 fouetur

287 675 462 725 propter
485 670 598 725 quod
623 684 765 711 secum
789 672 965 713 comites
994 672 1140 713 educit
1164 672 1314 713 asellas

154 755 217 788 470
286 746 386 787 exul
410 746 740 800 Hyperboreum
764 747 799 787 si
825 747 1077 789 dimittatur
1101 748 1155 789 ad
1179 762 1312 789 axem.

286 821 372 870 sed,
396 835 505 876 quae
528 822 710 863 mutatis
734 822 957 863 inducitur
980 828 1107 877 atque
1131 823 1301 864 fouetur

287 901 354 938 tot
377 897 734 938 medicaminibus
757 902 982 951 coctaeque
1007 898 1192 953 siliginis
1216 900 1319 940 offas

287 972 444 1026 accipit
464 977 507 1013 et
531 972 740 1021 madidae,
766 972 894 1013 facies
919 972 1084 1014 dicetur
1108 987 1163 1014 an
1190 974 1342 1015 ulcus?

354 1051 419 1088 est
444 1048 632 1101 pretium
656 1061 781 1088 curae
805 1048 978 1101 penitus
1002 1062 1247 1103 cognoscere
1273 1054 1364 1090 toto

152 1132 214 1165 475
285 1122 390 1177 quid
415 1122 575 1163 faciant
599 1123 849 1177 agitentque
874 1123 952 1164 die.
1024 1124 1059 1164 si
1085 1128 1208 1164 nocte
1233 1125 1415 1166 maritus

286 1212 460 1240 auersus
485 1199 628 1247 iacuit,
651 1199 782 1252 periit
808 1200 995 1248 libraria,
1018 1205 1186 1254 ponunt

287 1278 497 1315 cosmetae
522 1275 702 1323 tunicas,
728 1275 846 1315 tarde
870 1275 1035 1316 uenisse
1055 1276 1268 1317 Liburnus

285 1351 446 1393 dicitur
470 1356 513 1392 et
538 1365 695 1405 poenas
719 1352 851 1393 alieni
876 1353 1061 1406 pendere
1086 1354 1224 1394 somni

283 1427 463 1481 cogitur,
486 1427 556 1468 hic
581 1427 744 1482 frangit
769 1427 939 1477 ferulas,
963 1429 1086 1469 rubet
1110 1428 1184 1469 ille
1209 1429 1389 1484 flagello,

150 1512 214 1543 480
284 1502 356 1543 hic
379 1502 565 1553 scutica3
602 1507 704 1543 sunt
730 1516 836 1556 quae
861 1504 1099 1544 tortoribus
1123 1518 1265 1545 annua
1290 1508 1518 1559 praestent.

283 1578 483 1619 uerberat
507 1582 637 1631 atque
661 1578 801 1618 obiter
826 1578 978 1619 faciem
1002 1579 1117 1628 linit,
1142 1580 1263 1621 audit
1288 1581 1446 1621 amicas

283 1657 360 1694 aut
384 1652 522 1693 latum
546 1653 686 1706 pictae
711 1654 844 1694 uestis
867 1654 1106 1696 considerat
1129 1669 1282 1695 aurum

282 1734 326 1770 et
349 1729 501 1779 caedit,
525 1729 644 1784 longi
667 1730 818 1784 relegit
844 1735 1086 1771 transuersa
1104 1731 1248 1772 diurni

283 1809 327 1846 et
351 1805 503 1853 caedit,
528 1805 660 1846 donec
684 1805 804 1846 lassis
828 1806 1104 1847 caedentibus
1129 1811 1138 1826 ‘
1153 1806 1248 1847 exi'

148 1890 210 1921 485
281 1881 452 1922 intonet
476 1880 734 1921 horrendum
760 1881 846 1921 iam
870 1882 1115 1936 cognitione
1141 1886 1319 1935 peracta.

280 1955 547 2009 praefectura
572 1955 723 1997 domus
749 1956 892 1996 Sicula
917 1970 1002 1997 non
1027 1957 1174 1998 mitior
1198 1957 1304 1998 aula.

284 2044 397 2079 nam,
423 2031 457 2071 si
482 2031 710 2072 constituit
734 2031 942 2085 solitoque
967 2032 1187 2073 decentius
1211 2036 1334 2086 optat

282 2105 425 2145 ornari
449 2110 492 2146 et
515 2111 715 2159 properat
739 2106 910 2160 iamque
935 2111 1188 2160 expectatur
1213 2108 1259 2147 in
1284 2107 1422 2148 hortis

281 2184 357 2221 aut
382 2185 487 2234 aput
513 2181 676 2222 Isiacae
700 2182 843 2235 potius
867 2182 1046 2223 sacraria
1070 2182 1203 2231 lenae,

148 2266 211 2298 490
281 2256 473 2309 disponit
497 2256 658 2296 crinem
682 2256 878 2297 laceratis
903 2257 995 2310 ipsa
1019 2257 1187 2311 capillis

282 2331 398 2371 nuda
423 2343 590 2371 umeros
617 2332 765 2372 Psecas
791 2332 945 2372 infelix
970 2332 1183 2386 nudisque
1207 2333 1422 2375 mamillis.

281 2411 290 2426 ‘
310 2406 440 2447 altior
463 2406 534 2447 hic
558 2421 688 2460 quare
712 2407 939 2448 cincinnus
956 2408 992 2448 2'
1063 2413 1211 2450 taurea
1234 2410 1364 2464 punit

211 2515 275 2542 465
291 2511 470 2542 formonsa
492 2520 531 2541 ex
548 2511 601 2542 PF
688 2515 750 2543 466
767 2512 835 2543 huc
854 2510 930 2548 ΣΨ,
948 2513 1005 2544 hio
1022 2513 1084 2551 PS,
1104 2513 1196 2545 hunc
1213 2515 1238 2546 F
1325 2518 1388 2546 469
1405 2515 1512 2546 educet
1530 2513 1679 2554 Iahnius,

144 2565 296 2604 praestat
316 2563 431 2594 educat
518 2567 581 2594 473
605 2563 736 2602 accipit
759 2565 796 2595 et
819 2565 983 2596 madidae
1000 2565 1109 2596 facies
1125 2564 1172 2603 Ψ,
1189 2566 1319 2606 accipit
1335 2568 1372 2598 et
1388 2567 1497 2598 facies
1520 2567 1684 2599 madidae

144 2613 216 2652 alii,
243 2615 394 2655 accipite
418 2615 527 2646 facies
549 2615 713 2646 madidae
737 2616 763 2646 P
850 2619 914 2647 474
937 2617 1093 2655 pretium
1115 2626 1220 2650 curae
1244 2619 1369 2656 PFOU,
1397 2620 1551 2659 pretium
1574 2619 1601 2650 T
1625 2618 1684 2660 qui

145 2667 224 2708 post
239 2665 339 2697 finem
356 2676 471 2697 uersus
488 2675 635 2696 rasuram
650 2665 760 2704 habet,
776 2676 903 2706 operae
919 2669 1074 2708 pretium
1088 2670 1175 2701 AGI..
1262 2679 1468 2710 cognoscere
1482 2669 1529 2709 Ψ,
1547 2672 1685 2710 cogitur

145 2725 354 2757 cognoscere
377 2718 403 2749 P
491 2722 553 2749 479
575 2718 714 2757 flagello
738 2719 795 2749 PG
816 2718 949 2761 aliique,
970 2720 1120 2759 flagellis
1143 2719 1181 2751 Ψ
1269 2726 1332 2754 486
1356 2723 1582 2762 praefectura
1605 2723 1684 2754 PSF

144 2767 281 2810 aliique,
300 2770 504 2809 perfectura
520 2770 560 2808 A,
581 2770 785 2809 profectura
806 2769 843 2801 Ψ
931 2772 1054 2803 domus
1077 2773 1103 2804 P
1126 2772 1260 2815 aliique,
1282 2775 1401 2806 domos
1425 2776 1466 2811 U,
1487 2775 1587 2806 domo
1604 2772 1642 2804 Ψ

203 2824 266 2853 489
283 2823 373 2861 aput
389 2831 428 2852 ex
446 2822 504 2853 PU
592 2825 655 2853 490
672 2823 828 2862 disponit
844 2821 1030 2862 PSilAGU,
1051 2826 1228 2865 componit
1243 2827 1354 2858 FLO'I'
1441 2831 1504 2858 491
1520 2827 1684 2858 humeros

145 2872 178 2904 A
192 2871 327 2913 aliique,
347 2882 468 2906 umero
484 2871 537 2904 uel
554 2873 699 2905 humero
715 2872 816 2914 ΡΒΨ,
836 2875 927 2906 nudo
942 2885 1054 2907 umero
1071 2875 1253 2918 Rupertius
