1947 3145
183 123 211 162 4
784 121 1112 162 IVVENALIS

316 248 482 302 gaudia,
507 248 735 296 discursus,
760 247 894 287 nostri
919 246 1085 300 farrago
1110 245 1246 286 libelli
1272 250 1345 286 est.

317 327 360 364 et
386 323 556 377 quando
581 323 747 363 uberior
772 321 978 361 uitiorum
1002 321 1153 374 copia?
1221 320 1392 374 quando

319 398 451 438 maior
474 397 682 438 auaritiae
707 396 852 450 patuit
877 396 1026 436 sinus?
1093 396 1185 436 alea
1209 395 1380 448 quando

319 473 396 514 hos
420 473 615 513 animos?
684 485 819 524 neque
845 471 960 511 6111111
986 470 1137 511 loculis
1161 470 1468 511 comitantibus
1495 469 1583 510 itur

206 559 247 589 90
316 548 369 588 ad
393 561 537 589 casum
562 547 745 595 tabulae,
769 546 909 600 posita
934 546 1006 586 sed
1030 546 1197 586 luditur
1221 559 1326 586 arca.

318 623 477 677 proelia
502 626 664 676 quanta
689 621 779 661 illic
804 621 1095 674 dispensatore
1120 621 1285 661 uidebis

318 698 552 752 armigero!
621 696 859 749 simplexne
884 696 1000 736 furor
1024 696 1220 737 sestertia
1244 700 1418 736 centum

318 772 493 827 perdere
518 776 560 812 et
586 772 779 812 horrenti
805 772 994 812 tunicam
1020 784 1106 811 non
1133 771 1303 812 reddere
1327 773 1478 811 seruo?

318 848 415 902 quis
441 847 624 888 totidem
649 847 784 887 erexit
810 846 949 894 uillas,
973 846 1071 899 quis
1096 845 1256 886 fercula
1280 850 1443 899 septem

208 934 247 964 95
317 927 475 964 secreto
499 923 668 963 cenauit
693 924 831 962 auus?
901 935 1015 962 nunc
1039 920 1231 974 sportula
1256 921 1393 974 primo

319 998 468 1038 limine
493 1011 627 1052 parua
653 997 771 1038 sedet
796 996 945 1037 turbae
971 996 1174 1050 rapienda
1200 1000 1380 1050 togatae.

319 1072 392 1114 ille
417 1077 561 1114 tamen
587 1072 739 1113 faciem
765 1072 885 1125 prius
910 1071 1088 1125 inspicit
1113 1076 1156 1112 et
1181 1071 1370 1125 trepidat
1395 1084 1448 1112 ne

320 1148 568 1202 suppositus
592 1147 740 1188 uenias
766 1161 813 1187 ac
837 1146 943 1187 falso
970 1146 1142 1187 nomine
1168 1159 1338 1200 poscas:

319 1224 496 1278 agnitus
521 1223 709 1276 accipies.
781 1222 903 1262 iubet
928 1236 952 1262 a
977 1235 1181 1275 praecone
1209 1222 1352 1262 uocari

186 1310 247 1340 100
317 1299 429 1352 ipsos
454 1298 724 1353 Troiugenas,
749 1311 847 1337 nam
874 1301 1034 1338 uexant
1059 1296 1192 1337 limen
1217 1301 1259 1338 et
1283 1297 1366 1350 ipsi

320 1374 551 1414 nobiscum.
623 1378 631 1393 ‘
648 1373 700 1413 da
726 1373 926 1426 praetori,
951 1372 1004 1412 da
1029 1371 1185 1412 deinde
1211 1372 1407 1413 tribuno.'

321 1449 394 1490 sed
418 1449 648 1489 libertinus
672 1448 789 1502 prior
813 1452 888 1488 est.
959 1451 968 1467 ‘
986 1447 1126 1501 prior'
1152 1447 1298 1501 inquit
1323 1451 1423 1501 ‘ego
1447 1447 1608 1488 adsum.

321 1538 393 1565 cur
418 1525 594 1565 timeam
618 1524 863 1564 dubitemne
889 1523 1029 1563 locum
1054 1522 1290 1570 defendere,
1314 1523 1511 1576 quamuis

321 1604 448 1641 natus
473 1599 526 1640 ad
551 1599 816 1652 Euphraten,
840 1598 990 1638 molles
1015 1597 1131 1651 quod
1155 1598 1202 1637 in
1227 1611 1328 1637 aure
1353 1597 1564 1639 fenestrae

190 1685 252 1717 105
321 1675 555 1730 arguerint,
579 1675 681 1715 licet
706 1675 796 1727 ipse
821 1676 1004 1728 negem?
1073 1673 1145 1714 sed
1170 1673 1361 1727 quinque
1386 1674 1587 1714 tabernae

324 1750 640 1805 quadringenta
665 1754 828 1803 parant.
898 1748 1004 1802 quid
1029 1749 1196 1789 confert
1221 1762 1411 1803 purpura
1435 1748 1570 1789 maior

326 1826 574 1880 optandum,
599 1826 634 1866 si
659 1824 868 1866 Laurenti
893 1824 1083 1865 custodit
1108 1824 1153 1863 in
1178 1837 1278 1879 agro

325 1902 558 1944 conductas
585 1900 798 1942 Coruinus
817 1913 929 1947 oues,
953 1913 1029 1954 ego
1057 1899 1248 1953 possideo
1272 1899 1370 1953 plus

326 1978 523 2018 Pallante
547 1982 590 2018 et
615 1976 776 2017 Licinis
793 1978 808 2016 2
823 1975 832 1989 ’
899 1979 1128 2029 expectent
1153 1988 1250 2029 ergo
1274 1975 1453 2024 tribuni,

194 2063 254 2094 110
324 2053 503 2094 uincant
527 2052 719 2100 diuitiae,
744 2065 860 2092 sacro
887 2065 939 2092 ne
963 2051 1088 2091 cedat
1114 2051 1266 2091 honori

327 2141 462 2182 nuper
487 2128 533 2167 in
557 2127 669 2167 hanc
693 2126 843 2167 urbem
869 2125 1050 2180 pedibus
1070 2125 1144 2179 qui
1169 2129 1349 2166 uenerat
1373 2126 1494 2175 albis,

328 2202 677 2256 quandoquidem
702 2202 816 2241 inter
841 2214 917 2241 nos
941 2200 1209 2241 sanctissima
1234 2200 1487 2241 diuitiarum

325 2278 538 2325 maiestas,
562 2277 644 2318 etsi
669 2277 840 2317 funesta
863 2275 1043 2330 pecunia
1069 2275 1229 2329 templo

326 2353 516 2393 nondum
542 2352 722 2400 habitat,
748 2351 891 2391 nullas
915 2364 1187 2391 nummorum
1212 2351 1424 2391 ereximus
1446 2364 1548 2400 aras,

192 2439 254 2472 115
324 2432 377 2469 ut
401 2427 557 2468 colitur
582 2428 672 2467 Pax
697 2431 827 2480 atque
854 2426 991 2474 Fides,
1015 2426 1219 2474 Victoria,
1245 2426 1398 2467 Virtus

326 2516 517 2557 quaeque
542 2502 728 2544 salutato
752 2502 936 2555 crepitat
963 2501 1198 2542 Concordia
1223 2501 1334 2543 nido.

327 2578 399 2620 sed
423 2591 520 2618 cum
544 2590 733 2617 summus
759 2577 896 2617 honor
922 2577 1046 2617 finito
1071 2580 1275 2630 conputet
1300 2590 1425 2625 anno,

255 2736 296 2764 86
319 2732 462 2770 farrago
485 2730 596 2761 libelli
621 2731 676 2760 est
700 2729 828 2767 PAOU,
850 2730 906 2760 est
921 2729 1064 2768 farrago
1086 2730 1196 2761 libelli
1213 2730 1307 2768 GL'I',
1328 2729 1427 2760 farra
1441 2729 1552 2760 libelli
1576 2728 1677 2761 Vind.

233 2788 273 2816 98
297 2792 339 2815 ac
361 2783 461 2820 PAU,
487 2783 524 2813 et
540 2779 641 2812 Vind.
663 2779 700 2811 Ψ
811 2784 873 2812 106
897 2789 1057 2820 purpura
1079 2782 1192 2813 maior
1215 2780 1317 2812 Vind.
1338 2781 1394 2812 0¹1·
1417 2781 1451 2811 et
1473 2782 1533 2812 aut
1556 2781 1582 2812 P
1605 2783 1665 2813 aut
1687 2791 1721 2822 p,

188 2835 413 2877 purprmaior
435 2834 475 2872 A,
503 2841 699 2873 purpuram
725 2833 825 2864 actor
849 2832 886 2869 G,
915 2834 1210 2872 purpuraz-maior
1240 2833 1274 2871 L,
1302 2840 1461 2872 purpura
1490 2833 1663 2864 maiorum
1694 2835 1726 2866 U

277 2891 339 2919 110
354 2895 398 2918 ne
415 2886 506 2923 POT,
527 2893 590 2916 nec
606 2882 708 2915 Vind.
729 2882 765 2914 Ψ
855 2887 917 2914 114
933 2884 1075 2915 habitat
1091 2885 1117 2916 P
1134 2883 1235 2916 Vind.
1256 2885 1322 2922 OT,
1342 2884 1485 2915 habitas
1501 2882 1538 2914 Ψ
