1947 3145
762 108 996 149 SATVRA
1031 111 1101 151 XI
1609 110 1629 148 1
1641 109 1664 149 Ο
1675 107 1699 151 7

302 229 415 270 idem
439 228 614 269 habitus
637 227 816 276 cunctis,
841 228 953 268 tonsi
976 228 1164 282 rectique
1188 227 1334 282 capilli

166 315 229 347 150
299 309 429 358 atque
452 303 576 344 hodie
601 307 774 344 tantum
798 307 971 357 propter
994 305 1194 345 conuiuia
1216 304 1325 358 pexi.

300 380 482 434 pastoris
507 379 603 419 duri
627 378 698 419 hic
722 378 848 427 filius,
873 378 947 419 ille
972 379 1156 421 bubulci.

301 455 488 509 suspirat
511 454 636 509 longo
661 467 746 494 non
771 454 908 494 uisam
934 458 1121 508 tempore
1146 460 1328 496 matrem

300 537 344 572 et
367 530 557 571 casulam
581 534 625 569 et
649 533 770 569 notos
795 529 932 570 tristis
956 530 1165 572 desiderat
1189 529 1347 570 haedos

301 605 480 661 ingenui
504 605 653 646 uultus
678 617 784 658 puer
808 604 1066 659 ingenuique
1090 606 1279 660 pudoris,

165 692 228 724 155
299 681 438 736 qualis
461 694 548 721 esse
567 680 686 721 decet
710 694 815 734 quos
839 680 989 721 ardens
1013 696 1204 735 purpura
1229 681 1373 729 uestit,

299 770 377 798 nec
400 756 634 811 pupillares
660 755 795 796 defert
820 756 865 796 in
891 756 1042 797 balnea
1066 771 1219 798 raucus

301 832 534 880 testiculos,
557 845 632 872 nec
658 831 875 872 uellendas
900 831 986 872 iam
1010 832 1207 886 praebuit
1232 833 1331 881 alas,

299 920 437 949 crassa
462 920 539 948 nec
562 907 754 960 opposito
778 907 960 960 pauidus
985 908 1093 962 tegit
1117 908 1297 962 inguina
1320 912 1438 962 guto.

298 983 368 1024 hic
392 982 476 1023 tibi
499 982 603 1023 uina
629 981 751 1022 dabit
776 982 931 1023 diffusa
956 982 1001 1022 in
1027 984 1247 1024 montibus
1271 983 1359 1023 illis

164 1070 226 1101 160
295 1073 320 1099 a
344 1057 501 1112 quibus
525 1057 613 1111 ipse
638 1057 772 1106 uenit,
796 1071 978 1111 quorum
1003 1059 1081 1099 sub
1105 1059 1263 1100 uertice
1283 1059 1399 1099 lusit.

301 1134 503 1188 [namque
528 1146 615 1173 una
639 1137 766 1186 atque
791 1133 937 1174 eadem
962 1139 1027 1175 est
1045 1134 1141 1174 uini
1164 1134 1306 1188 patria
1330 1139 1458 1187 atque
1483 1131 1702 1185 ministri]

298 1208 477 1249 forsitan
500 1213 697 1262 expectes
721 1212 771 1248 ut
797 1207 1014 1249 Gaditana
1037 1223 1188 1250 canoro

299 1283 512 1337 incipiant
536 1283 702 1337 prurire
726 1283 866 1332 choro,
889 1284 1129 1338 plausuque
1152 1285 1354 1338 probatae

298 1359 353 1400 ad
378 1364 538 1400 terram
562 1358 748 1399 tremulo
772 1358 1031 1400 descendant
1056 1359 1181 1401 clune
1205 1360 1384 1415 puellae,

163 1444 226 1476 165
296 1434 510 1488 [spectant
533 1433 612 1474 hoc
636 1437 796 1487 nuptae
821 1433 946 1475 iuxta
970 1435 1200 1477 recubante
1225 1435 1378 1477 marito

298 1508 412 1564 quod
435 1508 596 1563 pudeat
621 1522 795 1549 narrare
819 1508 1007 1563 aliquem
1031 1511 1326 1563 praesentibus
1350 1509 1484 1564 ipsis]

298 1584 631 1626 inritamentum
655 1584 824 1625 ueneris
847 1584 1094 1640 languentis
1118 1591 1162 1627 et
1186 1600 1302 1628 acres

163 1734 289 1777 aliique
315 1735 362 1766 sic
389 1734 647 1777 interpungunt,
680 1736 858 1776 quisquam
887 1736 972 1767 erit:
1000 1737 1038 1767 in
1064 1746 1183 1776 ἰηαρηο
1210 1747 1285 1768 cum
1306 1747 1424 1776 posces,
1450 1747 1541 1778 posce
1569 1739 1698 1770 Latine.

162 1789 266 1829 atque
280 1787 320 1818 in
335 1796 456 1827 maq‘no
464 1797 592 1827 poscere
608 1787 721 1828 aliquo
738 1790 825 1819 certe
841 1791 990 1829 tempore
1010 1787 1077 1820 dici
1094 1788 1241 1830 potuisse
1263 1788 1378 1820 eodem
1394 1799 1492 1821 sensu
1509 1800 1574 1832 quo
1591 1790 1704 1823 Cicero

164 1847 195 1870 11
217 1838 255 1870 in
277 1838 372 1870 Verr.
393 1847 406 1869 1
432 1840 471 1870 66
489 1842 628 1879 poscunt
651 1840 837 1870 maioribus
858 1840 984 1880 poculis
1007 1841 1120 1881 posuit
1144 1839 1318 1872 ostendere
1341 1840 1478 1873 uidetur
1499 1841 1703 1884 colloquium

163 1889 437 1922 Graecolatinum
460 1900 500 1921 ex
523 1889 594 1922 cod.
620 1889 750 1922 Monac.
776 1891 850 1923 Lat.
880 1893 984 1923 13002
1012 1891 1142 1923 editum
1165 1892 1200 1923 in
1225 1902 1312 1934 corp.
1339 1892 1437 1934 gloss.
1463 1893 1536 1925 Lat.
1563 1903 1618 1933 111,
1647 1894 1704 1926 ubi

163 1951 197 1984 p.
225 1942 287 1973 219
316 1940 416 1983 paulo
443 1941 541 1973 aliter
568 1941 693 1983 scripta
720 1941 880 1984 leguntur
906 1952 990 1984 quae
1014 1953 1053 1974 ex
1078 1943 1149 1975 cod.
1178 1943 1251 1975 Par.
1280 1944 1392 1976 Graec.
1421 1946 1505 1977 3049
1530 1945 1704 1988 Hauptius

163 1992 310 2036 protulit
332 2002 443 2035 opusc.
465 2002 495 2024 11
518 2003 551 2035 p.
571 1995 655 2025 520:
682 1994 815 2034 κέρασον
840 1995 953 2035 θερμὸν
977 1996 1027 2026 εἰσ
1049 1996 1086 2026 τὸ
1108 1997 1214 2034 μεῖζον
1236 1997 1334 2028 misce
1352 1997 1505 2028 calidum
1521 1998 1561 2028 in
1579 1999 1704 2029 maiore

164 2046 292 2086 (maius
308 2044 407 2084 Pan).
458 2046 507 2076 εἰσ·
521 2046 557 2076 τὸ
573 2046 683 2086 μικρὸν
700 2046 804 2084 ὴδέωσ
820 2047 858 2077 in
874 2047 1002 2078 minore
1019 2047 1186 2087 (paruum
1202 2047 1293 2087 Par.)
1312 2049 1455 2080 libenter.
1506 2049 1568 2080 hoc
1585 2049 1703 2091 posito,

164 2107 287 2139 quaero
315 2095 398 2139 quid
426 2098 542 2138 poetae
569 2096 737 2137 acciderit,
769 2100 808 2129 ut
834 2097 894 2129 illa
920 2109 996 2130 cum
1018 2109 1133 2138 posces,
1155 2110 1246 2140 posce
1272 2100 1394 2132 Latine
1421 2101 1705 2133 circumscriberet

163 2147 424 2190 debilitaretque
439 2147 502 2179 tali
514 2147 759 2187 additamento,
775 2159 841 2190 quo
857 2153 970 2191 aperte
986 2150 1195 2192 significatur
1210 2161 1314 2192 paruo
1331 2151 1450 2193 poculo
1463 2152 1584 2184 Graece
1596 2152 1704 2184 aliaue

164 2200 283 2242 lingua
312 2198 517 2241 poscendum
548 2210 625 2232 esse.
675 2200 855 2242 respondet
886 2201 1108 2233 Buechelerus
1137 2212 1223 2234 mus,
1255 2203 1362 2235 Rhen.
1395 2212 1447 2235 1,11
1475 2214 1531 2246 pp.
1561 2205 1622 2236 395
1651 2214 1699 2246 sq.

163 2253 224 2284 der
248 2251 420 2292 G'eqensatz
442 2261 539 2292 yeyen
561 2251 696 2292 hbfische
723 2253 820 2293 Tafel
843 2253 931 2284 wird
952 2254 1113 2294 qeschcz‘rft
1135 2255 1241 2285 durch
1264 2256 1327 2286 den
1349 2257 1481 2287 zweiten
1508 2256 1682 2287 Gedanlcen
1695 2267 1705 2286 .·

163 2303 239 2336 hier
260 2303 383 2335 kannst
405 2303 454 2334 du
476 2304 639 2344 zwanqlos
660 2314 764 2344 grosse
787 2305 946 2344 Hzcmpen
963 2305 1117 2346 sordem.
1168 2305 1253 2337 belle
1280 2306 1343 2338 hoc
1370 2307 1513 2349 quadrat
1540 2307 1576 2339 in
1604 2307 1704 2339 huius

164 2357 299 2387 saturae
314 2357 562 2396 argumentum,
582 2354 674 2397 quod
690 2357 803 2387 totum
823 2356 860 2387 in
883 2366 920 2387 eo
944 2357 1093 2398 positum
1108 2359 1159 2389 est
1179 2360 1219 2389 ut
1238 2357 1446 2390 collaudetur
1462 2362 1578 2401 poetae
1595 2359 1703 2401 fruga-

164 2406 254 2446 litas,
286 2406 477 2448 aequalium
504 2409 660 2448 sumptus
690 2407 979 2448 reprehendantur
1065 2417 1188 2449 posces
1219 2410 1253 2448 P,
1285 2412 1401 2450 poscis
1431 2409 1469 2442 Ψ
1557 2416 1619 2443 151
1646 2412 1704 2443 hic

164 2459 298 2497 PAGU,
315 2459 373 2490 hic
396 2460 453 2490 est
475 2459 594 2495 FLO'I',
613 2461 669 2490 est
691 2460 748 2490 hie
771 2458 842 2490 flor.
864 2459 1016 2491 Parisina
1104 2465 1166 2492 155
1186 2462 1302 2501 qualis
1319 2473 1359 2493 ex
1376 2463 1406 2494 G
1493 2467 1555 2495 156
1571 2472 1636 2495 nec
1651 2461 1699 2501 Ψ,

163 2519 209 2543 ne
225 2511 276 2543 Ps
365 2511 560 2550 pupillares
583 2511 739 2548 PSAGU,
760 2512 955 2551 pugillares
979 2512 1090 2544 FLO'I'
1179 2517 1240 2545 161
1265 2512 1329 2545 del.
1350 2513 1582 2553 Marklandus,
1604 2514 1702 2546 fabri-

165 2565 280 2595 catum
295 2564 336 2594 ut
351 2561 488 2594 uidetur
504 2572 543 2593 ex
561 2562 608 2593 eis
623 2571 708 2603 quae
727 2561 769 2593 ad
790 2572 822 2594 11.
845 2564 906 2594 160
931 2562 1111 2595 adnotauit
1126 2562 1165 2603 Σ,
1185 2565 1223 2596 de
1240 2566 1353 2597 eadem
1369 2567 1460 2597 uilla
1475 2567 1600 2597 uinum
1616 2566 1704 2596 uncle

163 2616 193 2645 et
207 2614 363 2645 minister
378 2617 422 2645 est
510 2617 572 2645 163
595 2614 770 2653 incipiant
792 2615 843 2646 PS
865 2614 934 2646 flor.
953 2615 1113 2655 Parisina,
1134 2617 1284 2657 incipiat
1300 2616 1338 2649 Ψ
1427 2622 1489 2650 165
1505 2620 1539 2649 et
1557 2622 1617 2649 166
1635 2628 1699 2649 0111.

164 2666 266 2705 GTU,
287 2668 363 2707 post
380 2666 442 2697 164
459 2668 592 2706 ponunt
608 2666 677 2703 PA,
696 2669 772 2707 post
790 2667 850 2697 159
867 2666 936 2705 alii,
957 2670 1033 2709 post
1051 2668 1112 2699 160
1129 2669 1189 2705 PL,
1207 2672 1283 2710 post
1301 2671 1360 2701 161
1381 2670 1513 2701 inuerso
1530 2668 1645 2701 ordine
1662 2670 1701 2707 0,

164 2719 242 2759 post
259 2718 321 2748 162
337 2716 407 2756 alii,
427 2718 504 2759 post
528 2716 587 2749 171
613 2715 681 2756 alii,
702 2719 779 2758 post
803 2717 865 2750 172
888 2717 958 2756 alii,
978 2721 1053 2760 post
1077 2721 1139 2751 202
1163 2720 1222 2751 alii
1310 2725 1373 2753 165
1389 2723 1581 2762 expectant
1597 2722 1661 2752 hoc
1677 2721 1702 2752 P

252 2772 315 2801 166
335 2778 482 2801 narrare
502 2769 569 2807 PA,
590 2777 716 2800 narras
740 2769 831 2808 FLO,
851 2779 1017 2802 narrasse
1040 2770 1099 2802 alii
1187 2773 1342 2813 aliquem
1365 2774 1456 2813 FLO,
1477 2773 1613 2813 aliquid
1628 2773 1653 2804 P
1671 2775 1703 2803 et

164 2822 206 2852 ut
220 2819 356 2852 uidetur
370 2821 402 2853 A
489 2824 552 2853 167
575 2822 717 2853 ueneris
739 2821 775 2852 in
791 2821 896 2853 litura
919 2825 1031 2854 totum
1054 2824 1090 2863 P,
1111 2826 1243 2865 poteras
1265 2826 1375 2864 nerui,
1396 2824 1474 2857 uide
1498 2825 1580 2856 Hor.
1604 2823 1699 2866 epod.

164 2872 183 2904 8
202 2871 241 2905 17
258 2882 308 2913 sq.
