1947 3145
224 93 282 133 22

216 371 279 402 260

215 745 276 777 265

210 1120 271 1151 270

206 1874 269 1905 280

207 2249 268 2280 285

204 2624 266 2655 290

821 93 1146 135 IVVENALIS

352 210 445 251 axis
469 215 512 252 et
536 224 731 252 euersum
754 210 869 251 fudit
894 224 1018 264 super
1041 211 1212 265 agmina
1236 216 1424 253 montem

352 286 455 339 quid
479 290 666 340 superest
689 286 740 326 de
763 286 1036 339 corporibus?
1104 287 1202 340 quis
1227 287 1429 335 membra,
1454 287 1550 341 quis
1574 300 1664 328 ossa

348 360 548 402 inuenit?
616 361 825 401 obtritum
850 360 971 414 uulgi
995 361 1106 414 perit
1131 375 1252 402 omne
1276 362 1455 402 cadauer

351 449 465 476 more
489 435 665 476 animae.
736 435 885 475 domus
909 435 1071 476 interea
1094 448 1240 477 secura
1264 437 1444 491 patellas

351 511 438 551 iam
461 509 581 551 lauat
605 514 648 550 et
673 510 802 550 bucca
826 510 1014 550 foculum
1039 511 1198 552 excitat
1222 517 1265 553 et
1290 517 1412 553 sonat
1438 511 1579 553 unctis

351 585 571 640 striglibus
590 590 633 626 et
656 584 783 639 pleno
807 586 1026 639 componit
1050 585 1183 627 lintea
1207 592 1320 641 gut0.

350 660 454 701 haec
478 660 592 701 inter
616 673 765 714 pueros
789 660 903 700 uarie
923 666 1217 714 properantur,
1242 666 1287 703 at
1311 662 1384 703 ille

347 735 431 775 iam
457 735 574 775 sedet
597 735 643 774 in
665 735 758 788 ripa
782 740 1047 789 taetrumque
1073 737 1267 777 nouicius
1292 738 1438 778 horret

347 810 573 864 porthmea
597 823 674 850 nec
698 814 839 863 sperat
864 811 1030 850 caenosi
1054 811 1241 865 gurgitis
1265 812 1412 853 alnum

347 885 501 925 infelix
526 897 601 925 nec
626 885 756 925 habet
780 898 905 938 quem
928 886 1120 940 porrigat
1145 900 1213 926 ore
1238 887 1451 927 trientem.

412 960 572 1014 respice
597 973 711 1001 nunc
735 959 821 1000 alia
844 973 890 1000 ac
916 960 1082 1002 diuersa
1106 961 1294 1015 pericula
1318 962 1480 1003 noctis:

345 1035 457 1090 quod
481 1035 668 1089 spatium
692 1035 816 1076 tectis
840 1035 1098 1077 sublimibus
1122 1037 1234 1077 unde
1259 1037 1475 1078 cerebrum

342 1115 453 1151 testa
477 1110 588 1159 ferit,
613 1111 811 1164 quotiens
834 1111 990 1151 rimosa
1014 1115 1057 1151 et
1080 1116 1201 1151 curta
1226 1111 1424 1153 fenestris

344 1198 444 1227 uasa
468 1185 634 1234 cadant,
659 1189 821 1240 quanto
846 1198 1091 1240 percussum
1115 1186 1300 1240 pondere
1325 1187 1496 1242 signent

343 1264 387 1302 et
411 1260 582 1301 laedant
607 1260 782 1302 silicem.
850 1260 984 1315 possis
1007 1261 1190 1315 ignauus
1214 1262 1362 1302 haberi

341 1339 385 1376 et
409 1336 544 1377 subiti
567 1349 688 1377 casus
712 1335 975 1390 inprouidus,
999 1336 1052 1377 ad
1076 1350 1223 1377 cenam
1247 1337 1283 1378 si

343 1412 574 1453 intestatus
597 1425 666 1452 eas
686 1428 694 1453 ε
729 1412 832 1453 adeo
859 1416 925 1453 tot
950 1412 1051 1461 fata,
1075 1417 1180 1467 quot
1204 1412 1280 1453 illa

342 1492 466 1528 nocte
491 1491 644 1541 patent
666 1487 822 1541 uigiles
847 1491 889 1528 te
913 1492 1205 1541 praetereunte
1229 1488 1449 1530 fenestrae.

343 1576 442 1617 ergo
467 1567 588 1617 optes
613 1566 846 1616 uotumque
872 1562 980 1603 feras
1004 1563 1243 1604 miserabile
1268 1568 1422 1612 tecum,

343 1643 391 1679 ut
416 1637 505 1679 sint
530 1642 754 1679 contentae
777 1638 948 1692 patulas
973 1637 1204 1679 defundere
1228 1638 1383 1692 pelues.

341 1713 482 1755 ebrius
505 1726 551 1754 ac
576 1713 785 1767 petulans,
810 1713 885 1767 qui
909 1713 1077 1754 nullum
1102 1714 1210 1755 forte
1234 1714 1399 1763 cecidit,

340 1789 415 1830 (lat
439 1800 609 1843 poenas,
633 1793 802 1829 noctem
825 1789 993 1842 patitur
1016 1788 1207 1844 lugentis
1231 1789 1416 1830 amicum

340 1863 523 1912 Pelidae,
546 1863 675 1904 cubat
698 1863 744 1903 in
770 1863 935 1912 faciem,
959 1878 1058 1905 mox
1083 1864 1236 1905 deinde
1260 1865 1467 1918 supinus:

343 1940 455 1994 [ergo
474 1952 559 1979 non
582 1939 708 1980 aliter
731 1940 893 1993 poterit
917 1939 1126 1990 dormire3
1162 1939 1435 1994 quibusdam]

342 2028 538 2055 somnum
563 2014 657 2054 rixa
681 2014 796 2055 facit.
866 2014 938 2056 sed
962 2015 1160 2068 quamuis
1185 2015 1406 2069 improbus
1429 2016 1556 2057 annis

340 2094 468 2143 atque
492 2102 607 2129 mero
632 2089 802 2130 feruens
826 2094 948 2131 cauet
972 2090 1087 2130 hunc
1111 2103 1237 2144 quem
1261 2091 1431 2131 coccina
1456 2091 1578 2132 laena

341 2165 472 2205 uitari
497 2164 615 2205 iubet
639 2169 682 2206 et
707 2165 913 2207 comitum
938 2165 1212 2220 longissimus
1236 2166 1350 2214 ordo,

339 2239 526 2280 multum
549 2243 769 2293 praeterea
794 2239 1062 2280 flammarum
1087 2246 1129 2281 et
1153 2254 1282 2281 aenea
1306 2241 1482 2295 lampas.

340 2328 406 2355 me
431 2328 560 2368 quem
584 2314 687 2355 luna
712 2315 819 2356 solet
844 2315 1046 2356 deducere
1070 2315 1139 2356 uel
1164 2316 1290 2356 breue
1315 2316 1460 2357 lumen

340 2389 548 2438 candelae,
572 2390 692 2430 cuius
717 2390 912 2444 dispenso
938 2396 981 2431 et
1006 2395 1196 2445 tempero
1220 2391 1354 2441 filum,

339 2464 585 2505 contemnit.
656 2465 832 2506 miserae
857 2479 1057 2520 cognosce
1080 2467 1329 2520 prohoemia
1352 2467 1482 2515 rixae,

340 2539 375 2579 si
399 2539 494 2579 rixa
518 2543 593 2588 est,
618 2540 692 2580 ubi
717 2545 766 2580 tu
792 2541 950 2594 pulsas,
975 2554 1051 2596 ego
1075 2542 1233 2596 uapulo
1259 2548 1442 2583 tantum.

337 2618 423 2655 stat
447 2618 592 2655 contra
616 2615 802 2669 starique
827 2616 954 2657 iubet.
1024 2630 1170 2670 parere
1195 2630 1360 2658 necesse
1384 2621 1460 2665 est,

269 2754 331 2782 259
352 2750 395 2782 de
418 2751 478 2782 AT
501 2753 535 2781 et
556 2751 592 2789 (d
616 2751 652 2781 in
675 2751 752 2790 τῆς.)
776 2753 809 2789 L,
836 2761 854 2783 e
875 2753 901 2783 P
922 2751 1021 2784 vind.
1040 2754 1106 2792 GO,
1128 2756 1165 2785 et.
1187 2755 1228 2792 U,
1250 2753 1339 2785 unde
1363 2753 1529 2785 conicient
1552 2763 1589 2785 eo:
1678 2757 1740 2786 269

202 2803 344 2835 cerebro
376 2804 399 2835 S
427 2804 460 2834 et
483 2805 522 2834 ut
545 2801 681 2834 uidetur
703 2804 729 2834 P
828 2808 888 2835 271
914 2805 1045 2836 cadant
1068 2804 1144 2844 ΡΨ,
1173 2807 1306 2838 cadunt
1330 2804 1431 2836 Vind.
1457 2806 1488 2838 A
1587 2808 1648 2838 281
1673 2805 1739 2840 del.

203 2853 403 2886 Heineceius
492 2858 554 2886 288
571 2855 774 2894 prohoemia
793 2855 818 2886 P
835 2854 950 2893 Vind„
970 2858 1130 2895 praemia
1146 2855 1183 2888 Ψ
