1947 3145
242 112 301 154 84
841 111 1172 153 IVVENALIS

376 228 609 284 deprendas
632 229 767 269 animi
791 232 1005 269 tormenta
1030 228 1207 269 latentis
1231 228 1277 268 in
1302 241 1424 283 aegro

375 317 557 358 corpore,
582 304 815 357 deprendas
839 308 882 344 et
905 302 1085 357 gaudia3
1120 304 1253 345 sumit
1276 308 1507 358 utrumque

265 389 306 420 20
375 378 475 419 inde
499 379 695 419 habitum
720 378 857 419 facies.
928 378 1063 432 igitur
1086 378 1250 419 flexisse
1274 378 1436 420 uideris

377 455 646 507 propositum
669 457 712 493 et
737 453 853 493 uitae
878 453 1114 494 contrarius
1138 454 1200 494 ire
1223 454 1367 508 priori.

378 543 513 582 nuper
537 529 664 576 enim,
688 531 738 568 ut
761 531 917 581 repeto,
943 527 1093 568 fanum
1119 528 1247 569 Isidis
1270 532 1315 570 et
1341 528 1635 583 Ganymedem

378 603 500 643 Pacis
524 607 566 643 et
590 602 791 643 aduectae
815 606 973 643 secreta
997 603 1167 644 Palatia
1191 603 1342 644 matris

377 683 420 719 et
445 678 638 719 Cererem
664 677 783 730 (nani
808 692 891 731 quo
916 692 1002 718 non
1026 683 1192 732 prostat
1217 679 1377 719 femina
1401 679 1562 733 templo
1580 680 1614 732 ἲ)

266 765 306 795 25
376 753 518 794 notior
540 752 715 793 Aufidio
740 753 939 793 moechus
963 753 1166 793 scelerare
1191 754 1365 803 solebas,

379 828 574 882 quodque
600 832 725 876 taces,
750 827 861 881 ipsos
886 827 1017 868 etiam
1042 828 1249 869 inclinare
1273 828 1462 869 maritos.

444 907 453 923 ‘
469 902 574 943 utile
599 906 642 943 et
666 902 745 942 hoc
769 903 920 943 multis
944 903 1061 943 uitae
1085 916 1232 957 genus,
1256 908 1300 944 at
1324 903 1434 943 mihi
1459 903 1633 943 nullum.

377 978 477 1019 inde
502 991 651 1031 operae
674 977 873 1031 pretium.
942 977 1124 1032 pingues
1148 977 1380 1032 aliquando
1404 978 1606 1026 lacernas,

376 1051 647 1092 munimenta
671 1056 806 1107 togae,
831 1051 928 1092 duri
953 1052 1166 1106 crassique
1189 1053 1339 1094 coloris

266 1136 306 1167 30
375 1129 419 1166 et
442 1125 554 1167 male
578 1140 796 1180 percussas
821 1127 1001 1167 textoris
1024 1128 1195 1181 pectine
1221 1127 1337 1168 Galli

376 1201 621 1255 accipimus,
646 1206 774 1243 tenue
799 1206 1025 1256 argentum
1051 1216 1269 1256 uenaeque
1293 1203 1509 1244 secundae.

376 1276 466 1318 fata
489 1281 642 1331 regunt
666 1277 872 1326 homines,
896 1277 1035 1318 fatum
1060 1282 1124 1319 est
1149 1282 1192 1318 et
1216 1278 1413 1331 partibus
1436 1278 1525 1318 illis

377 1365 482 1405 quas
507 1352 625 1392 sinus
648 1352 883 1393 abscondit.
953 1367 1066 1402 narn,
1091 1353 1127 1393 si
1152 1353 1234 1394 tibi
1259 1353 1400 1394 sidera
1424 1357 1603 1402 cessant,

376 1427 441 1467 nil
465 1427 593 1468 faciet
618 1427 735 1482 longi
759 1441 958 1469 mensura
983 1428 1203 1483 incognita
1227 1429 1362 1477 nerui,

264 1512 305 1544 35
376 1502 576 1556 quamuis
600 1506 643 1543 te
667 1502 832 1543 nudum
857 1503 1080 1556 spumanti
1104 1503 1232 1544 Virro
1256 1503 1412 1544 labello

375 1576 534 1618 uiderit
557 1582 600 1618 et
624 1577 803 1618 blandae
827 1578 1000 1618 adsidue
1024 1578 1259 1632 densaeque
1284 1578 1464 1619 tabellae

376 1652 621 1701 sollicitent,
647 1652 786 1695 αὐτὸσ
821 1652 904 1709 «γὰρ
942 1653 1174 1710 ἐφέλκεται
1210 1651 1347 1711 ἄνδρα
1382 1652 1594 1696 κίναιδοσ.

377 1728 489 1782 quod
514 1732 657 1769 tamen
683 1728 862 1769 ulterius
886 1732 1126 1769 monstrum
1151 1742 1280 1782 quam
1305 1729 1446 1770 mollis
1469 1732 1653 1770 auarus?

378 1808 398 1824 “
414 1804 518 1844 haec
543 1803 687 1852 tribui,
712 1804 864 1844 deinde
888 1803 964 1844 illa
988 1803 1097 1853 dedi,
1121 1818 1220 1844 mox
1244 1804 1368 1858 plura
1393 1804 1569 1846 tulisti.''

265 1889 306 1920 40
375 1883 596 1932 computat
620 1884 663 1919 et
687 1883 818 1919 ceuet.
887 1883 1072 1932 ponatur
1096 1879 1294 1928 calculus,
1318 1879 1462 1920 adsint

379 1968 479 1995 cum
504 1954 652 1995 tabula
675 1954 824 2008 pueri3
860 1968 1037 1995 numera
1061 1954 1257 1995 sestertia
1281 1955 1473 2008 quinque

380 2032 575 2072 omnibus
600 2032 646 2072 in
670 2032 806 2081 rebus,
830 2036 1107 2072 numerentur
1132 2032 1282 2072 deinde
1307 2032 1478 2073 labores.

383 2121 436 2147 an
462 2107 584 2148 facile
609 2112 652 2148 et
675 2121 858 2161 pronum
882 2111 945 2148 est
970 2120 1092 2161 agere
1116 2107 1232 2148 intra
1256 2107 1417 2148 uiscera
1441 2121 1594 2161 penem

384 2182 627 2236 legitimum
652 2186 780 2236 atque
805 2182 896 2222 illic
919 2183 1144 2222 hesternae
1169 2195 1381 2223 occurrere
1405 2185 1563 2223 cenae?

274 2268 314 2299 45
385 2270 536 2298 seruus
562 2258 643 2298 erit
668 2258 813 2298 minus
838 2257 912 2298 ille
936 2258 1063 2299 miser
1086 2258 1159 2311 qui
1183 2258 1338 2298 foderit
1361 2272 1511 2312 agrum

386 2346 514 2386 quam
538 2332 770 2374 dominum.
841 2333 912 2373 sed
936 2337 986 2373 tu
1012 2346 1110 2373 sane
1134 2337 1329 2373 tenerum
1353 2337 1396 2373 et
1422 2346 1601 2386 puerum
1625 2336 1668 2374 te

387 2412 430 2448 et
453 2407 678 2460 pulchrum
703 2412 746 2448 et
771 2408 950 2462 dignum
974 2408 1130 2462 cyatho
1155 2408 1354 2462 caeloque
1377 2409 1570 2462 putabas.

318 2513 360 2542 25
383 2510 554 2542 scelerare
578 2511 613 2549 P,
637 2512 812 2543 celebrare
834 2510 871 2542 Ψ
895 2511 1033 2542 fortasse
1053 2511 1173 2542 melius
1260 2515 1300 2543 26
1325 2512 1486 2552 quodque
1508 2513 1607 2543 taces
1630 2511 1778 2549 1³er0,

253 2562 415 2603 quodque
430 2563 532 2593 taceo
549 2563 588 2598 U,
607 2563 699 2601 quod
719 2565 820 2595 taceo
844 2565 952 2602 atque
975 2563 1062 2595 ALT
1150 2568 1190 2595 33
1207 2565 1349 2594 cessant
1365 2564 1421 2595 PG
1436 2562 1570 2604 aliique,
1591 2564 1730 2594 cessent
1745 2561 1784 2593 Ψ

252 2612 307 2653 (de
331 2615 362 2646 U
385 2612 473 2644 nihil
496 2616 669 2644 enotatum
687 2613 806 2653 habeo)
894 2619 934 2646 36
959 2615 1101 2646 assidue
1117 2616 1156 2652 A,
1174 2615 1345 2646 adsiduae
1369 2614 1434 2646 ΡΨ
1521 2619 1560 2646 37
1584 2624 1698 2645 auroc-
1717 2625 1786 2656 γαρ

252 2666 319 2704 PG,
340 2675 453 2696 αυτοῦ·
473 2675 539 2706 ταρ
562 2666 603 2704 U,
624 2668 779 2706 corrupta
795 2665 832 2696 Ψ
920 2664 1099 2707 εῲελκεται
1122 2677 1234 2708 αναρα,
1258 2665 1419 2698 κιναιὸοσ·
1434 2667 1474 2705 U,
1494 2664 1605 2707 ανδρα.
1621 2676 1651 2697 κ.
1672 2665 1731 2697 alii
1747 2666 1784 2697 in

250 2716 390 2759 reliquis
420 2717 577 2758 corrupti,
609 2715 787 2757 εῲεακεται
817 2728 927 2759 ανορα,
965 2716 1126 2749 κιναιδοσ·
1156 2720 1194 2757 G,
1229 2716 1394 2760 εῲεὸκετει
1430 2716 1712 2759 αναγασιναιδοσ-
1743 2719 1779 2757 P,

254 2769 365 2811 peiora
385 2767 423 2799 Ψ
511 2773 551 2800 38
568 2769 653 2807 quid
670 2768 738 2800 flor.
760 2769 858 2810 Sang.
950 2774 1078 2802 40—150
1094 2780 1157 2801 om.
1176 2771 1200 2801 Γ
1287 2774 1328 2801 40
1346 2771 1382 2801 et
1399 2771 1500 2801 ceuet
1516 2770 1586 2807 GU,
1607 2779 1719 2800 erasus
1743 2771 1779 2808 P,

251 2823 355 2853 ceuet
378 2821 411 2860 S,
438 2822 547 2860 atque
570 2821 671 2851 ceuet
695 2820 877 2861 Lipsiensis
900 2821 1064 2862 Rupertii,
1089 2824 1196 2862 atque
1220 2823 1325 2853 cauet
1348 2820 1409 2861 ΨΡ
1496 2825 1536 2852 41
1560 2831 1708 2854 numera
1731 2821 1778 2861 Ψ,

250 2881 419 2905 numeras
434 2873 460 2904 P
547 2876 588 2903 46
606 2880 712 2911 quam
727 2872 853 2911 PG'I'U,
874 2881 943 2904 non
958 2874 1045 2905 ALO
1132 2874 1294 2905 tenerum
1310 2874 1460 2911 PSAGT,
1481 2875 1583 2905 tener
1599 2874 1686 2906 LOU
