<?xml version="1.0" encoding="UTF-8"?>
<!DOCTYPE html PUBLIC "-//W3C//DTD XHTML 1.0 Transitional//EN"
    "http://www.w3.org/TR/xhtml1/DTD/xhtml1-transitional.dtd">
<html xmlns="http://www.w3.org/1999/xhtml" xml:lang="en" lang="en">
 <head>
  <title>
</title>
<meta http-equiv="Content-Type" content="text/html;charset=utf-8" />
  <meta name='ocr-system' content='tesseract 3.04.00' />
  <meta name='ocr-capabilities' content='ocr_page ocr_carea ocr_par ocr_line ocrx_word'/>
</head>
<body>
  <div class='ocr_page' id='page_1' title='image "./saturaeeditorumi00juveuoft_0109.png"; bbox 0 0 1947 3145; ppageno 0'>
   <div class='ocr_carea' id='block_1_1' title="bbox 764 103 1708 151">
    <p class='ocr_par' dir='ltr' id='par_1_1' title="bbox 764 103 1708 151">
     <span class='ocr_line' id='line_1_1' title="bbox 764 103 1708 151; baseline -0.003 0"><span class='ocrx_word' id='word_1_1' title='bbox 764 109 999 151; x_wconf 85' lang='lat' dir='ltr'><strong>SATVRA</strong></span> <span class='ocrx_word' id='word_1_2' title='bbox 1034 109 1128 150; x_wconf 91' lang='lat' dir='ltr'>VII</span> <span class='ocrx_word' id='word_1_3' title='bbox 1649 106 1673 146; x_wconf 89' lang='grc'><strong>6</strong></span> <span class='ocrx_word' id='word_1_4' title='bbox 1683 103 1708 148; x_wconf 86' lang='grc'><strong>7</strong></span> 
     </span>
    </p>
   </div>
   <div class='ocr_carea' id='block_1_2' title="bbox 177 227 1616 2621">
    <p class='ocr_par' dir='ltr' id='par_1_2' title="bbox 177 227 1616 2621">
     <span class='ocr_line' id='line_1_2' title="bbox 312 227 1347 280; baseline -0.005 -10"><span class='ocrx_word' id='word_1_5' title='bbox 312 229 511 270; x_wconf 89' lang='lat' dir='ltr'>omnibus</span> <span class='ocrx_word' id='word_1_6' title='bbox 534 233 578 270; x_wconf 91' lang='lat' dir='ltr'>et</span> <span class='ocrx_word' id='word_1_7' title='bbox 602 228 750 269; x_wconf 88' lang='lat' dir='ltr'>crescit</span> <span class='ocrx_word' id='word_1_8' title='bbox 773 227 912 268; x_wconf 90' lang='lat' dir='ltr'>multa</span> <span class='ocrx_word' id='word_1_9' title='bbox 936 227 1140 268; x_wconf 88' lang='lat' dir='ltr'>damnosa</span> <span class='ocrx_word' id='word_1_10' title='bbox 1163 238 1347 280; x_wconf 82' lang='lat' dir='ltr'>papyro:</span> 
     </span>
     <span class='ocr_line' id='line_1_3' title="bbox 312 299 1536 359; baseline -0.005 -15"><span class='ocrx_word' id='word_1_11' title='bbox 312 304 372 345; x_wconf 89' lang='lat' dir='ltr'>sic</span> <span class='ocrx_word' id='word_1_12' title='bbox 396 304 547 359; x_wconf 87' lang='lat' dir='ltr'>ingens</span> <span class='ocrx_word' id='word_1_13' title='bbox 570 317 713 344; x_wconf 89' lang='lat' dir='ltr'>rerum</span> <span class='ocrx_word' id='word_1_14' title='bbox 737 316 937 344; x_wconf 85' lang='lat' dir='ltr'>numerus</span> <span class='ocrx_word' id='word_1_15' title='bbox 960 302 1077 343; x_wconf 90' lang='lat' dir='ltr'>iubet</span> <span class='ocrx_word' id='word_1_16' title='bbox 1101 305 1231 355; x_wconf 87' lang='lat' dir='ltr'>atque</span> <span class='ocrx_word' id='word_1_17' title='bbox 1256 313 1432 354; x_wconf 89' lang='lat' dir='ltr'>operum</span> <span class='ocrx_word' id='word_1_18' title='bbox 1456 299 1536 339; x_wconf 79' lang='lat' dir='ltr'>lex,</span> 
     </span>
     <span class='ocr_line' id='line_1_4' title="bbox 312 374 1616 434; baseline -0.004 -15"><span class='ocrx_word' id='word_1_19' title='bbox 312 393 418 434; x_wconf 89' lang='lat' dir='ltr'>quae</span> <span class='ocrx_word' id='word_1_20' title='bbox 443 384 587 421; x_wconf 88' lang='lat' dir='ltr'>tamen</span> <span class='ocrx_word' id='word_1_21' title='bbox 611 378 710 419; x_wconf 89' lang='lat' dir='ltr'>inde</span> <span class='ocrx_word' id='word_1_22' title='bbox 734 380 881 433; x_wconf 79' lang='lat' dir='ltr'>seges?</span> <span class='ocrx_word' id='word_1_23' title='bbox 951 382 1088 419; x_wconf 87' lang='lat' dir='ltr'>terrae</span> <span class='ocrx_word' id='word_1_24' title='bbox 1113 377 1209 431; x_wconf 89' lang='lat' dir='ltr'>quis</span> <span class='ocrx_word' id='word_1_25' title='bbox 1233 377 1398 416; x_wconf 87' lang='lat' dir='ltr'>fructus</span> <span class='ocrx_word' id='word_1_26' title='bbox 1416 374 1616 428; x_wconf 73' lang='lat' dir='ltr'>apertae?</span> 
     </span>
     <span class='ocr_line' id='line_1_5' title="bbox 313 449 1493 509; baseline -0.005 -13"><span class='ocrx_word' id='word_1_27' title='bbox 313 455 410 509; x_wconf 87' lang='lat' dir='ltr'>quis</span> <span class='ocrx_word' id='word_1_28' title='bbox 429 455 550 496; x_wconf 88' lang='lat' dir='ltr'>dabit</span> <span class='ocrx_word' id='word_1_29' title='bbox 573 454 775 495; x_wconf 87' lang='lat' dir='ltr'>historico</span> <span class='ocrx_word' id='word_1_30' title='bbox 800 458 1010 508; x_wconf 88' lang='lat' dir='ltr'>quantum</span> <span class='ocrx_word' id='word_1_31' title='bbox 1034 454 1155 494; x_wconf 90' lang='lat' dir='ltr'>daret</span> <span class='ocrx_word' id='word_1_32' title='bbox 1179 456 1274 493; x_wconf 89' lang='lat' dir='ltr'>acta</span> <span class='ocrx_word' id='word_1_33' title='bbox 1298 449 1493 506; x_wconf 73' lang='lat' dir='ltr'>legenti?</span> 
     </span>
     <span class='ocr_line' id='line_1_6' title="bbox 177 524 1585 584; baseline -0.005 -13"><span class='ocrx_word' id='word_1_34' title='bbox 177 540 241 572; x_wconf 89' lang='lat'>105</span> <span class='ocrx_word' id='word_1_35' title='bbox 376 534 386 550; x_wconf 95' lang='lat'>‘</span> <span class='ocrx_word' id='word_1_36' title='bbox 402 530 475 571; x_wconf 86' lang='lat' dir='ltr'>sed</span> <span class='ocrx_word' id='word_1_37' title='bbox 499 543 631 584; x_wconf 90' lang='lat' dir='ltr'>genus</span> <span class='ocrx_word' id='word_1_38' title='bbox 655 529 873 583; x_wconf 89' lang='lat' dir='ltr'>ignauum,</span> <span class='ocrx_word' id='word_1_39' title='bbox 891 529 1004 583; x_wconf 90' lang='lat' dir='ltr'>quod</span> <span class='ocrx_word' id='word_1_40' title='bbox 1028 529 1138 569; x_wconf 91' lang='lat' dir='ltr'>lecto</span> <span class='ocrx_word' id='word_1_41' title='bbox 1161 527 1320 583; x_wconf 88' lang='lat' dir='ltr'>gaudet</span> <span class='ocrx_word' id='word_1_42' title='bbox 1344 530 1387 567; x_wconf 92' lang='lat' dir='ltr'>et</span> <span class='ocrx_word' id='word_1_43' title='bbox 1411 524 1585 565; x_wconf 63' lang='lat' dir='ltr'>umbra?</span> 
     </span>
     <span class='ocr_line' id='line_1_7' title="bbox 313 603 1332 659; baseline -0.002 -14"><span class='ocrx_word' id='word_1_44' title='bbox 313 605 382 646; x_wconf 90' lang='lat' dir='ltr'>dic</span> <span class='ocrx_word' id='word_1_45' title='bbox 405 605 540 659; x_wconf 88' lang='lat' dir='ltr'>igitur</span> <span class='ocrx_word' id='word_1_46' title='bbox 563 604 666 658; x_wconf 89' lang='lat' dir='ltr'>quid</span> <span class='ocrx_word' id='word_1_47' title='bbox 691 604 918 645; x_wconf 73' lang='lat' dir='ltr'>causidicis</span> <span class='ocrx_word' id='word_1_48' title='bbox 943 603 1090 645; x_wconf 87' lang='lat' dir='ltr'>ciuilia</span> <span class='ocrx_word' id='word_1_49' title='bbox 1113 606 1332 658; x_wconf 86' lang='lat' dir='ltr'>praestent</span> 
     </span>
     <span class='ocr_line' id='line_1_8' title="bbox 311 679 1268 735; baseline -0.002 -13"><span class='ocrx_word' id='word_1_50' title='bbox 311 681 448 722; x_wconf 84' lang='lat' dir='ltr'>officia</span> <span class='ocrx_word' id='word_1_51' title='bbox 471 685 514 722; x_wconf 88' lang='lat' dir='ltr'>et</span> <span class='ocrx_word' id='word_1_52' title='bbox 538 694 692 735; x_wconf 88' lang='lat' dir='ltr'>magno</span> <span class='ocrx_word' id='word_1_53' title='bbox 715 681 891 722; x_wconf 91' lang='lat' dir='ltr'>comites</span> <span class='ocrx_word' id='word_1_54' title='bbox 915 681 961 721; x_wconf 88' lang='lat' dir='ltr'>in</span> <span class='ocrx_word' id='word_1_55' title='bbox 986 680 1097 721; x_wconf 86' lang='lat' dir='ltr'>fasce</span> <span class='ocrx_word' id='word_1_56' title='bbox 1121 679 1268 721; x_wconf 81' lang='lat' dir='ltr'>libelli.</span> 
     </span>
     <span class='ocr_line' id='line_1_9' title="bbox 313 752 1460 811; baseline -0.003 -15"><span class='ocrx_word' id='word_1_57' title='bbox 313 757 396 811; x_wconf 87' lang='lat' dir='ltr'>ipsi</span> <span class='ocrx_word' id='word_1_58' title='bbox 420 770 575 811; x_wconf 88' lang='lat' dir='ltr'>magna</span> <span class='ocrx_word' id='word_1_59' title='bbox 599 760 765 804; x_wconf 90' lang='lat' dir='ltr'>sonant,</span> <span class='ocrx_word' id='word_1_60' title='bbox 790 755 862 796; x_wconf 86' lang='lat' dir='ltr'>sed</span> <span class='ocrx_word' id='word_1_61' title='bbox 888 761 982 797; x_wconf 92' lang='lat' dir='ltr'>tum</span> <span class='ocrx_word' id='word_1_62' title='bbox 1006 769 1106 796; x_wconf 92' lang='lat' dir='ltr'>cum</span> <span class='ocrx_word' id='word_1_63' title='bbox 1130 755 1315 796; x_wconf 75' lang='lat' dir='ltr'>creditor</span> <span class='ocrx_word' id='word_1_64' title='bbox 1339 752 1460 793; x_wconf 87' lang='lat' dir='ltr'>audit</span> 
     </span>
     <span class='ocr_line' id='line_1_10' title="bbox 312 829 1272 886; baseline -0.003 -14"><span class='ocrx_word' id='word_1_65' title='bbox 312 832 548 886; x_wconf 80' lang='lat' dir='ltr'>praecipue,</span> <span class='ocrx_word' id='word_1_66' title='bbox 572 831 642 872; x_wconf 91' lang='lat' dir='ltr'>uel</span> <span class='ocrx_word' id='word_1_67' title='bbox 665 831 701 871; x_wconf 88' lang='lat' dir='ltr'>si</span> <span class='ocrx_word' id='word_1_68' title='bbox 725 831 874 885; x_wconf 87' lang='lat' dir='ltr'>tetigit</span> <span class='ocrx_word' id='word_1_69' title='bbox 899 831 1015 871; x_wconf 90' lang='lat' dir='ltr'>latus</span> <span class='ocrx_word' id='word_1_70' title='bbox 1039 830 1172 871; x_wconf 82' lang='lat' dir='ltr'>acrior</span> <span class='ocrx_word' id='word_1_71' title='bbox 1196 829 1272 870; x_wconf 92' lang='lat' dir='ltr'>illo</span> 
     </span>
     <span class='ocr_line' id='line_1_11' title="bbox 180 905 1458 961; baseline -0.003 -14"><span class='ocrx_word' id='word_1_72' title='bbox 180 917 242 948; x_wconf 88' lang='lat'>110</span> <span class='ocrx_word' id='word_1_73' title='bbox 311 907 386 961; x_wconf 86' lang='lat' dir='ltr'>qui</span> <span class='ocrx_word' id='word_1_74' title='bbox 411 906 534 947; x_wconf 89' lang='lat' dir='ltr'>uenit</span> <span class='ocrx_word' id='word_1_75' title='bbox 558 906 613 947; x_wconf 88' lang='lat' dir='ltr'>ad</span> <span class='ocrx_word' id='word_1_76' title='bbox 636 905 813 946; x_wconf 88' lang='lat' dir='ltr'>dubium</span> <span class='ocrx_word' id='word_1_77' title='bbox 837 905 988 960; x_wconf 84' lang='lat' dir='ltr'>grandi</span> <span class='ocrx_word' id='word_1_78' title='bbox 1007 919 1104 946; x_wconf 87' lang='lat' dir='ltr'>cum</span> <span class='ocrx_word' id='word_1_79' title='bbox 1128 905 1268 946; x_wconf 91' lang='lat' dir='ltr'>codice</span> <span class='ocrx_word' id='word_1_80' title='bbox 1292 916 1458 944; x_wconf 91' lang='lat' dir='ltr'>nomen.</span> 
     </span>
     <span class='ocr_line' id='line_1_12' title="bbox 313 979 1339 1035; baseline -0.004 -12"><span class='ocrx_word' id='word_1_81' title='bbox 313 987 419 1023; x_wconf 86' lang='lat' dir='ltr'>tunc</span> <span class='ocrx_word' id='word_1_82' title='bbox 444 982 638 1022; x_wconf 89' lang='lat' dir='ltr'>inmensa</span> <span class='ocrx_word' id='word_1_83' title='bbox 662 981 759 1022; x_wconf 84' lang='lat' dir='ltr'>caui</span> <span class='ocrx_word' id='word_1_84' title='bbox 783 981 949 1035; x_wconf 85' lang='lat' dir='ltr'>spirant</span> <span class='ocrx_word' id='word_1_85' title='bbox 973 980 1194 1020; x_wconf 87' lang='lat' dir='ltr'>mendacia</span> <span class='ocrx_word' id='word_1_86' title='bbox 1218 979 1339 1020; x_wconf 87' lang='lat' dir='ltr'>folles</span> 
     </span>
     <span class='ocr_line' id='line_1_13' title="bbox 313 1055 1486 1111; baseline -0.003 -13"><span class='ocrx_word' id='word_1_87' title='bbox 313 1057 650 1111; x_wconf 71' lang='lat' dir='ltr'>conspuiturque</span> <span class='ocrx_word' id='word_1_88' title='bbox 674 1057 818 1097; x_wconf 88' lang='lat' dir='ltr'>sinus:</span> <span class='ocrx_word' id='word_1_89' title='bbox 853 1069 1001 1096; x_wconf 88' lang='lat' dir='ltr'>ueram</span> <span class='ocrx_word' id='word_1_90' title='bbox 1026 1055 1285 1109; x_wconf 81' lang='lat' dir='ltr'>deprendere</span> <span class='ocrx_word' id='word_1_91' title='bbox 1309 1067 1486 1095; x_wconf 88' lang='lat' dir='ltr'>messem</span> 
     </span>
     <span class='ocr_line' id='line_1_14' title="bbox 313 1129 1445 1185; baseline -0.004 -12"><span class='ocrx_word' id='word_1_92' title='bbox 313 1132 350 1174; x_wconf 89' lang='lat' dir='ltr'>si</span> <span class='ocrx_word' id='word_1_93' title='bbox 373 1132 491 1181; x_wconf 88' lang='lat' dir='ltr'>libet,</span> <span class='ocrx_word' id='word_1_94' title='bbox 515 1132 618 1172; x_wconf 89' lang='lat' dir='ltr'>hinc</span> <span class='ocrx_word' id='word_1_95' title='bbox 640 1134 814 1172; x_wconf 89' lang='lat' dir='ltr'>centum</span> <span class='ocrx_word' id='word_1_96' title='bbox 839 1130 1100 1185; x_wconf 87' lang='lat' dir='ltr'>patrimonia</span> <span class='ocrx_word' id='word_1_97' title='bbox 1125 1129 1445 1178; x_wconf 82' lang='lat' dir='ltr'>causidicorum,</span> 
     </span>
     <span class='ocr_line' id='line_1_15' title="bbox 312 1206 1267 1262; baseline -0.002 -14"><span class='ocrx_word' id='word_1_98' title='bbox 312 1213 434 1262; x_wconf 91' lang='lat' dir='ltr'>parte</span> <span class='ocrx_word' id='word_1_99' title='bbox 458 1207 543 1248; x_wconf 85' lang='lat' dir='ltr'>alia</span> <span class='ocrx_word' id='word_1_100' title='bbox 567 1207 708 1248; x_wconf 87' lang='lat' dir='ltr'>solum</span> <span class='ocrx_word' id='word_1_101' title='bbox 732 1206 890 1247; x_wconf 87' lang='lat' dir='ltr'>russati</span> <span class='ocrx_word' id='word_1_102' title='bbox 913 1219 1023 1260; x_wconf 91' lang='lat' dir='ltr'>pone</span> <span class='ocrx_word' id='word_1_103' title='bbox 1048 1207 1267 1246; x_wconf 87' lang='lat' dir='ltr'>Lacernae.</span> 
     </span>
     <span class='ocr_line' id='line_1_16' title="bbox 180 1281 1286 1336; baseline -0.004 -12"><span class='ocrx_word' id='word_1_104' title='bbox 180 1294 242 1324; x_wconf 85' lang='lat'>115</span> <span class='ocrx_word' id='word_1_105' title='bbox 312 1282 538 1324; x_wconf 88' lang='lat' dir='ltr'>consedere</span> <span class='ocrx_word' id='word_1_106' title='bbox 562 1282 701 1331; x_wconf 91' lang='lat' dir='ltr'>duces,</span> <span class='ocrx_word' id='word_1_107' title='bbox 725 1282 864 1336; x_wconf 82' lang='lat' dir='ltr'>surgis</span> <span class='ocrx_word' id='word_1_108' title='bbox 888 1286 938 1322; x_wconf 90' lang='lat' dir='ltr'>tu</span> <span class='ocrx_word' id='word_1_109' title='bbox 962 1281 1148 1335; x_wconf 89' lang='lat' dir='ltr'>pallidus</span> <span class='ocrx_word' id='word_1_110' title='bbox 1172 1281 1286 1321; x_wconf 81' lang='lat' dir='ltr'>Aiax</span> 
     </span>
     <span class='ocr_line' id='line_1_17' title="bbox 314 1357 1193 1411; baseline -0.003 -12"><span class='ocrx_word' id='word_1_111' title='bbox 314 1358 506 1400; x_wconf 88' lang='lat' dir='ltr'>dicturus</span> <span class='ocrx_word' id='word_1_112' title='bbox 530 1357 659 1398; x_wconf 87' lang='lat' dir='ltr'>dubia</span> <span class='ocrx_word' id='word_1_113' title='bbox 684 1371 762 1411; x_wconf 88' lang='lat' dir='ltr'>pro</span> <span class='ocrx_word' id='word_1_114' title='bbox 787 1357 986 1398; x_wconf 86' lang='lat' dir='ltr'>libertate</span> <span class='ocrx_word' id='word_1_115' title='bbox 1010 1357 1193 1397; x_wconf 88' lang='lat' dir='ltr'>bubulco</span> 
     </span>
     <span class='ocr_line' id='line_1_18' title="bbox 313 1430 1495 1487; baseline -0.004 -12"><span class='ocrx_word' id='word_1_116' title='bbox 313 1434 464 1475; x_wconf 87' lang='lat' dir='ltr'>iudice.</span> <span class='ocrx_word' id='word_1_117' title='bbox 534 1446 683 1487; x_wconf 89' lang='lat' dir='ltr'>rumpe</span> <span class='ocrx_word' id='word_1_118' title='bbox 707 1432 836 1473; x_wconf 85' lang='lat' dir='ltr'>miser</span> <span class='ocrx_word' id='word_1_119' title='bbox 859 1436 1030 1473; x_wconf 90' lang='lat' dir='ltr'>tensum</span> <span class='ocrx_word' id='word_1_120' title='bbox 1054 1432 1181 1480; x_wconf 89' lang='lat' dir='ltr'>iecur,</span> <span class='ocrx_word' id='word_1_121' title='bbox 1205 1435 1254 1472; x_wconf 91' lang='lat' dir='ltr'>ut</span> <span class='ocrx_word' id='word_1_122' title='bbox 1280 1430 1361 1472; x_wconf 85' lang='lat' dir='ltr'>tibi</span> <span class='ocrx_word' id='word_1_123' title='bbox 1386 1430 1495 1471; x_wconf 88' lang='lat' dir='ltr'>lasso</span> 
     </span>
     <span class='ocr_line' id='line_1_19' title="bbox 313 1507 1302 1564; baseline -0.003 -14"><span class='ocrx_word' id='word_1_124' title='bbox 313 1510 502 1564; x_wconf 91' lang='lat' dir='ltr'>figantur</span> <span class='ocrx_word' id='word_1_125' title='bbox 527 1509 699 1558; x_wconf 87' lang='lat' dir='ltr'>uirides,</span> <span class='ocrx_word' id='word_1_126' title='bbox 723 1508 931 1550; x_wconf 87' lang='lat' dir='ltr'>scalarum</span> <span class='ocrx_word' id='word_1_127' title='bbox 955 1507 1102 1563; x_wconf 86' lang='lat' dir='ltr'>gloria,</span> <span class='ocrx_word' id='word_1_128' title='bbox 1125 1507 1302 1561; x_wconf 89' lang='lat' dir='ltr'>palmae.</span> 
     </span>
     <span class='ocr_line' id='line_1_20' title="bbox 312 1583 1503 1640; baseline -0.003 -14"><span class='ocrx_word' id='word_1_129' title='bbox 312 1585 425 1640; x_wconf 91' lang='lat' dir='ltr'>quod</span> <span class='ocrx_word' id='word_1_130' title='bbox 449 1586 567 1626; x_wconf 88' lang='lat' dir='ltr'>uocis</span> <span class='ocrx_word' id='word_1_131' title='bbox 590 1585 810 1640; x_wconf 74' lang='lat' dir='ltr'>pretium?</span> <span class='ocrx_word' id='word_1_132' title='bbox 879 1584 1012 1625; x_wconf 89' lang='lat' dir='ltr'>siccus</span> <span class='ocrx_word' id='word_1_133' title='bbox 1031 1583 1336 1638; x_wconf 87' lang='lat' dir='ltr'>petasunculus</span> <span class='ocrx_word' id='word_1_134' title='bbox 1359 1587 1403 1623; x_wconf 91' lang='lat' dir='ltr'>et</span> <span class='ocrx_word' id='word_1_135' title='bbox 1428 1595 1503 1622; x_wconf 87' lang='lat' dir='ltr'>uas</span> 
     </span>
     <span class='ocr_line' id='line_1_21' title="bbox 179 1656 1560 1715; baseline -0.005 -12"><span class='ocrx_word' id='word_1_136' title='bbox 179 1671 241 1704; x_wconf 88' lang='lat'>120</span> <span class='ocrx_word' id='word_1_137' title='bbox 309 1660 586 1715; x_wconf 83' lang='lat' dir='ltr'>pelamydum</span> <span class='ocrx_word' id='word_1_138' title='bbox 610 1664 686 1701; x_wconf 89' lang='lat' dir='ltr'>aut</span> <span class='ocrx_word' id='word_1_139' title='bbox 711 1664 888 1708; x_wconf 88' lang='lat' dir='ltr'>ueteres,</span> <span class='ocrx_word' id='word_1_140' title='bbox 914 1659 1166 1700; x_wconf 89' lang='lat' dir='ltr'>Maurorum</span> <span class='ocrx_word' id='word_1_141' title='bbox 1190 1658 1414 1712; x_wconf 87' lang='lat' dir='ltr'>epimenia,</span> <span class='ocrx_word' id='word_1_142' title='bbox 1438 1656 1560 1697; x_wconf 88' lang='lat' dir='ltr'>bulbi</span> 
     </span>
     <span class='ocr_line' id='line_1_22' title="bbox 312 1733 1415 1788; baseline -0.004 -12"><span class='ocrx_word' id='word_1_143' title='bbox 312 1740 388 1777; x_wconf 93' lang='lat' dir='ltr'>aut</span> <span class='ocrx_word' id='word_1_144' title='bbox 413 1736 567 1776; x_wconf 92' lang='lat' dir='ltr'>uinum</span> <span class='ocrx_word' id='word_1_145' title='bbox 592 1735 734 1775; x_wconf 84' lang='lat' dir='ltr'>Tiberi</span> <span class='ocrx_word' id='word_1_146' title='bbox 759 1735 996 1783; x_wconf 91' lang='lat' dir='ltr'>deuectum,</span> <span class='ocrx_word' id='word_1_147' title='bbox 1015 1734 1204 1788; x_wconf 87' lang='lat' dir='ltr'>quinque</span> <span class='ocrx_word' id='word_1_148' title='bbox 1229 1733 1415 1787; x_wconf 87' lang='lat' dir='ltr'>lagonae.</span> 
     </span>
     <span class='ocr_line' id='line_1_23' title="bbox 313 1809 1283 1865; baseline -0.004 -13"><span class='ocrx_word' id='word_1_149' title='bbox 313 1811 350 1852; x_wconf 89' lang='lat' dir='ltr'>si</span> <span class='ocrx_word' id='word_1_150' title='bbox 375 1815 527 1865; x_wconf 89' lang='lat' dir='ltr'>quater</span> <span class='ocrx_word' id='word_1_151' title='bbox 550 1810 692 1865; x_wconf 88' lang='lat' dir='ltr'>egisti,</span> <span class='ocrx_word' id='word_1_152' title='bbox 717 1810 753 1850; x_wconf 92' lang='lat' dir='ltr'>si</span> <span class='ocrx_word' id='word_1_153' title='bbox 778 1809 961 1863; x_wconf 88' lang='lat' dir='ltr'>contigit</span> <span class='ocrx_word' id='word_1_154' title='bbox 985 1822 1136 1849; x_wconf 90' lang='lat' dir='ltr'>aureus</span> <span class='ocrx_word' id='word_1_155' title='bbox 1160 1822 1283 1857; x_wconf 87' lang='lat' dir='ltr'>unus,</span> 
     </span>
     <span class='ocr_line' id='line_1_24' title="bbox 311 1883 1416 1939; baseline -0.005 -12"><span class='ocrx_word' id='word_1_156' title='bbox 311 1886 412 1927; x_wconf 88' lang='lat' dir='ltr'>inde</span> <span class='ocrx_word' id='word_1_157' title='bbox 431 1885 593 1927; x_wconf 90' lang='lat' dir='ltr'>cadunt</span> <span class='ocrx_word' id='word_1_158' title='bbox 616 1888 758 1939; x_wconf 87' lang='lat' dir='ltr'>partes</span> <span class='ocrx_word' id='word_1_159' title='bbox 776 1897 829 1925; x_wconf 81' lang='lat' dir='ltr'>ex</span> <span class='ocrx_word' id='word_1_160' title='bbox 853 1883 1019 1925; x_wconf 86' lang='lat' dir='ltr'>foedere</span> <span class='ocrx_word' id='word_1_161' title='bbox 1042 1883 1416 1938; x_wconf 66' lang='lat' dir='ltr'>pragmaticorum.</span> 
     </span>
     <span class='ocr_line' id='line_1_25' title="bbox 311 1958 1415 2015; baseline -0.005 -12"><span class='ocrx_word' id='word_1_162' title='bbox 311 1961 498 2003; x_wconf 89' lang='lat' dir='ltr'>Aemilio</span> <span class='ocrx_word' id='word_1_163' title='bbox 523 1961 698 2002; x_wconf 90' lang='lat' dir='ltr'>dabitur</span> <span class='ocrx_word' id='word_1_164' title='bbox 723 1964 934 2015; x_wconf 89' lang='lat' dir='ltr'>quantum</span> <span class='ocrx_word' id='word_1_165' title='bbox 957 1959 1070 2008; x_wconf 89' lang='lat' dir='ltr'>licet,</span> <span class='ocrx_word' id='word_1_166' title='bbox 1094 1962 1136 1999; x_wconf 89' lang='lat' dir='ltr'>et</span> <span class='ocrx_word' id='word_1_167' title='bbox 1161 1958 1314 1999; x_wconf 86' lang='lat' dir='ltr'>melius</span> <span class='ocrx_word' id='word_1_168' title='bbox 1338 1971 1415 1998; x_wconf 84' lang='lat' dir='ltr'>nos</span> 
     </span>
     <span class='ocr_line' id='line_1_26' title="bbox 181 2033 1406 2092; baseline -0.005 -13"><span class='ocrx_word' id='word_1_169' title='bbox 181 2048 242 2080; x_wconf 84' lang='lat'>125</span> <span class='ocrx_word' id='word_1_170' title='bbox 313 2038 485 2092; x_wconf 90' lang='lat' dir='ltr'>egimus.</span> <span class='ocrx_word' id='word_1_171' title='bbox 555 2036 685 2077; x_wconf 88' lang='lat' dir='ltr'>huius</span> <span class='ocrx_word' id='word_1_172' title='bbox 709 2036 825 2076; x_wconf 90' lang='lat' dir='ltr'>enim</span> <span class='ocrx_word' id='word_1_173' title='bbox 850 2039 938 2076; x_wconf 89' lang='lat' dir='ltr'>stat</span> <span class='ocrx_word' id='word_1_174' title='bbox 961 2048 1109 2076; x_wconf 88' lang='lat' dir='ltr'>currus</span> <span class='ocrx_word' id='word_1_175' title='bbox 1134 2047 1301 2083; x_wconf 88' lang='lat' dir='ltr'>aeneus,</span> <span class='ocrx_word' id='word_1_176' title='bbox 1325 2033 1406 2074; x_wconf 90' lang='lat' dir='ltr'>alti</span> 
     </span>
     <span class='ocr_line' id='line_1_27' title="bbox 314 2109 1335 2167; baseline -0.004 -14"><span class='ocrx_word' id='word_1_177' title='bbox 314 2112 587 2167; x_wconf 84' lang='lat' dir='ltr'>quadriiuges</span> <span class='ocrx_word' id='word_1_178' title='bbox 611 2112 657 2152; x_wconf 90' lang='lat' dir='ltr'>in</span> <span class='ocrx_word' id='word_1_179' title='bbox 676 2110 913 2160; x_wconf 85' lang='lat' dir='ltr'>uestibulis,</span> <span class='ocrx_word' id='word_1_180' title='bbox 937 2114 1068 2164; x_wconf 85' lang='lat' dir='ltr'>atque</span> <span class='ocrx_word' id='word_1_181' title='bbox 1091 2110 1182 2163; x_wconf 89' lang='lat' dir='ltr'>ipse</span> <span class='ocrx_word' id='word_1_182' title='bbox 1206 2109 1335 2150; x_wconf 86' lang='lat' dir='ltr'>feroci</span> 
     </span>
     <span class='ocr_line' id='line_1_28' title="bbox 313 2184 1335 2229; baseline -0.005 0"><span class='ocrx_word' id='word_1_183' title='bbox 313 2187 517 2229; x_wconf 88' lang='lat' dir='ltr'>bellatore</span> <span class='ocrx_word' id='word_1_184' title='bbox 542 2187 691 2228; x_wconf 89' lang='lat' dir='ltr'>sedens</span> <span class='ocrx_word' id='word_1_185' title='bbox 710 2190 936 2227; x_wconf 87' lang='lat' dir='ltr'>curuatum</span> <span class='ocrx_word' id='word_1_186' title='bbox 961 2185 1116 2226; x_wconf 84' lang='lat' dir='ltr'>hastile</span> <span class='ocrx_word' id='word_1_187' title='bbox 1140 2184 1335 2225; x_wconf 90' lang='lat' dir='ltr'>minatur</span> 
     </span>
     <span class='ocr_line' id='line_1_29' title="bbox 313 2260 1310 2314; baseline -0.004 -10"><span class='ocrx_word' id='word_1_188' title='bbox 313 2263 480 2304; x_wconf 89' lang='lat' dir='ltr'>eminus</span> <span class='ocrx_word' id='word_1_189' title='bbox 504 2267 547 2304; x_wconf 94' lang='lat' dir='ltr'>et</span> <span class='ocrx_word' id='word_1_190' title='bbox 573 2267 716 2303; x_wconf 89' lang='lat' dir='ltr'>statua</span> <span class='ocrx_word' id='word_1_191' title='bbox 740 2262 976 2302; x_wconf 85' lang='lat' dir='ltr'>meditatur</span> <span class='ocrx_word' id='word_1_192' title='bbox 1000 2260 1161 2314; x_wconf 90' lang='lat' dir='ltr'>proelia</span> <span class='ocrx_word' id='word_1_193' title='bbox 1184 2260 1310 2301; x_wconf 90' lang='lat' dir='ltr'>lusca.</span> 
     </span>
     <span class='ocr_line' id='line_1_30' title="bbox 313 2335 1477 2387; baseline -0.004 -7"><span class='ocrx_word' id='word_1_194' title='bbox 313 2339 374 2380; x_wconf 91' lang='lat' dir='ltr'>sic</span> <span class='ocrx_word' id='word_1_195' title='bbox 394 2338 506 2380; x_wconf 92' lang='lat' dir='ltr'>Pedo</span> <span class='ocrx_word' id='word_1_196' title='bbox 530 2338 770 2387; x_wconf 86' lang='lat' dir='ltr'>conturbat,</span> <span class='ocrx_word' id='word_1_197' title='bbox 795 2337 949 2378; x_wconf 89' lang='lat' dir='ltr'>Matho</span> <span class='ocrx_word' id='word_1_198' title='bbox 974 2336 1129 2385; x_wconf 88' lang='lat' dir='ltr'>deficit,</span> <span class='ocrx_word' id='word_1_199' title='bbox 1154 2336 1295 2376; x_wconf 83' lang='lat' dir='ltr'>exitus</span> <span class='ocrx_word' id='word_1_200' title='bbox 1320 2335 1390 2376; x_wconf 92' lang='lat' dir='ltr'>hic</span> <span class='ocrx_word' id='word_1_201' title='bbox 1414 2339 1477 2376; x_wconf 86' lang='lat' dir='ltr'>est</span> 
     </span>
     <span class='ocr_line' id='line_1_31' title="bbox 178 2412 1263 2470; baseline -0.006 -12"><span class='ocrx_word' id='word_1_202' title='bbox 178 2425 243 2460; x_wconf 81' lang='grc'>130</span> <span class='ocrx_word' id='word_1_203' title='bbox 312 2414 511 2470; x_wconf 86' lang='lat' dir='ltr'>Tongilii,</span> <span class='ocrx_word' id='word_1_204' title='bbox 534 2427 692 2468; x_wconf 91' lang='lat' dir='ltr'>magno</span> <span class='ocrx_word' id='word_1_205' title='bbox 716 2427 813 2454; x_wconf 90' lang='lat' dir='ltr'>cum</span> <span class='ocrx_word' id='word_1_206' title='bbox 837 2413 1104 2453; x_wconf 89' lang='lat' dir='ltr'>rhinocerote</span> <span class='ocrx_word' id='word_1_207' title='bbox 1128 2412 1263 2452; x_wconf 85' lang='lat' dir='ltr'>lauari</span> 
     </span>
     <span class='ocr_line' id='line_1_32' title="bbox 314 2487 1311 2545; baseline -0.005 -13"><span class='ocrx_word' id='word_1_208' title='bbox 314 2491 389 2545; x_wconf 92' lang='lat' dir='ltr'>qui</span> <span class='ocrx_word' id='word_1_209' title='bbox 413 2490 519 2532; x_wconf 90' lang='lat' dir='ltr'>solet</span> <span class='ocrx_word' id='word_1_210' title='bbox 544 2494 588 2530; x_wconf 92' lang='lat' dir='ltr'>et</span> <span class='ocrx_word' id='word_1_211' title='bbox 613 2493 743 2530; x_wconf 78' lang='lat' dir='ltr'>uexat</span> <span class='ocrx_word' id='word_1_212' title='bbox 767 2488 984 2530; x_wconf 88' lang='lat' dir='ltr'>lutulenta</span> <span class='ocrx_word' id='word_1_213' title='bbox 1008 2488 1160 2528; x_wconf 89' lang='lat' dir='ltr'>balnea</span> <span class='ocrx_word' id='word_1_214' title='bbox 1184 2487 1311 2528; x_wconf 84' lang='lat' dir='ltr'>turba</span> 
     </span>
     <span class='ocr_line' id='line_1_33' title="bbox 313 2562 1527 2621; baseline -0.004 -13"><span class='ocrx_word' id='word_1_215' title='bbox 313 2579 472 2621; x_wconf 85' lang='lat' dir='ltr'>perque</span> <span class='ocrx_word' id='word_1_216' title='bbox 496 2565 635 2606; x_wconf 89' lang='lat' dir='ltr'>forum</span> <span class='ocrx_word' id='word_1_217' title='bbox 660 2565 835 2605; x_wconf 90' lang='lat' dir='ltr'>iuuenes</span> <span class='ocrx_word' id='word_1_218' title='bbox 860 2565 987 2618; x_wconf 89' lang='lat' dir='ltr'>longo</span> <span class='ocrx_word' id='word_1_219' title='bbox 1011 2563 1167 2617; x_wconf 87' lang='lat' dir='ltr'>premit</span> <span class='ocrx_word' id='word_1_220' title='bbox 1191 2576 1325 2603; x_wconf 87' lang='lat' dir='ltr'>assere</span> <span class='ocrx_word' id='word_1_221' title='bbox 1351 2562 1527 2603; x_wconf 89' lang='lat' dir='ltr'>Maedos</span> 
     </span>
    </p>
   </div>
   <div class='ocr_carea' id='block_1_3' title="bbox 175 2666 1714 2920">
    <p class='ocr_par' dir='ltr' id='par_1_3' title="bbox 175 2666 1714 2920">
     <span class='ocr_line' id='line_1_34' title="bbox 245 2666 1670 2711; baseline -0.004 -7"><span class='ocrx_word' id='word_1_222' title='bbox 245 2675 307 2704; x_wconf 87' lang='grc'>105</span> <span class='ocrx_word' id='word_1_223' title='bbox 331 2671 422 2703; x_wconf 86' lang='lat' dir='ltr'>lecto</span> <span class='ocrx_word' id='word_1_224' title='bbox 443 2671 496 2702; x_wconf 85' lang='lat' dir='ltr'>PF</span> <span class='ocrx_word' id='word_1_225' title='bbox 516 2668 650 2711; x_wconf 83' lang='lat' dir='ltr'>aliique,</span> <span class='ocrx_word' id='word_1_226' title='bbox 670 2670 766 2700; x_wconf 84' lang='lat' dir='ltr'>tecto</span> <span class='ocrx_word' id='word_1_227' title='bbox 782 2666 820 2699; x_wconf 83' lang='grc' dir='ltr'><strong>Ψ</strong></span> <span class='ocrx_word' id='word_1_228' title='bbox 909 2672 971 2700; x_wconf 85' lang='grc'>106</span> <span class='ocrx_word' id='word_1_229' title='bbox 990 2669 1175 2707; x_wconf 82' lang='lat' dir='ltr'>praestent</span> <span class='ocrx_word' id='word_1_230' title='bbox 1192 2668 1321 2707; x_wconf 85' lang='lat' dir='ltr'>PAGU,</span> <span class='ocrx_word' id='word_1_231' title='bbox 1348 2668 1536 2707; x_wconf 80' lang='lat' dir='ltr'>praestant</span> <span class='ocrx_word' id='word_1_232' title='bbox 1559 2667 1670 2699; x_wconf 83' lang='lat' dir='ltr'>FLO&#39;I&#39;</span> 
     </span>
     <span class='ocr_line' id='line_1_35' title="bbox 267 2715 1714 2761; baseline -0.004 -5"><span class='ocrx_word' id='word_1_233' title='bbox 267 2727 329 2756; x_wconf 89' lang='grc'>108</span> <span class='ocrx_word' id='word_1_234' title='bbox 359 2725 438 2755; x_wconf 88' lang='lat' dir='ltr'>tum</span> <span class='ocrx_word' id='word_1_235' title='bbox 468 2723 597 2761; x_wconf 88' lang='lat' dir='ltr'>PAOU,</span> <span class='ocrx_word' id='word_1_236' title='bbox 631 2723 717 2753; x_wconf 86' lang='lat' dir='ltr'>tune</span> <span class='ocrx_word' id='word_1_237' title='bbox 748 2721 858 2752; x_wconf 82' lang='lat' dir='ltr'>FGL&#39;I&#39;</span> <span class='ocrx_word' id='word_1_238' title='bbox 958 2724 1020 2751; x_wconf 83' lang='lat'>114</span> <span class='ocrx_word' id='word_1_239' title='bbox 1050 2720 1211 2751; x_wconf 83' lang='lat' dir='ltr'>lacernae</span> <span class='ocrx_word' id='word_1_240' title='bbox 1242 2720 1293 2751; x_wconf 86' lang='lat' dir='ltr'>PS</span> <span class='ocrx_word' id='word_1_241' title='bbox 1324 2719 1458 2761; x_wconf 84' lang='lat' dir='ltr'>aliique,</span> <span class='ocrx_word' id='word_1_242' title='bbox 1489 2720 1645 2751; x_wconf 82' lang='lat' dir='ltr'>lacertae</span> <span class='ocrx_word' id='word_1_243' title='bbox 1675 2715 1714 2749; x_wconf 84' lang='grc' dir='ltr'><strong>Ψ</strong></span> 
     </span>
     <span class='ocr_line' id='line_1_36' title="bbox 180 2770 1714 2812; baseline -0.003 -5"><span class='ocrx_word' id='word_1_244' title='bbox 180 2774 308 2807; x_wconf 87' lang='lat' dir='ltr'>Probus</span> <span class='ocrx_word' id='word_1_245' title='bbox 324 2774 442 2807; x_wconf 84' lang='lat' dir='ltr'>Vallae</span> <span class='ocrx_word' id='word_1_246' title='bbox 530 2778 592 2806; x_wconf 87' lang='grc'>120</span> <span class='ocrx_word' id='word_1_247' title='bbox 609 2775 673 2805; x_wconf 91' lang='lat' dir='ltr'>aut</span> <span class='ocrx_word' id='word_1_248' title='bbox 694 2773 847 2810; x_wconf 85' lang='lat' dir='ltr'>PFGOU,</span> <span class='ocrx_word' id='word_1_249' title='bbox 870 2773 906 2804; x_wconf 87' lang='lat' dir='ltr'>et</span> <span class='ocrx_word' id='word_1_250' title='bbox 929 2772 1015 2803; x_wconf 88' lang='lat' dir='ltr'>ALT</span> <span class='ocrx_word' id='word_1_251' title='bbox 1102 2780 1306 2803; x_wconf 87' lang='lat' dir='ltr'>maurorum</span> <span class='ocrx_word' id='word_1_252' title='bbox 1328 2772 1387 2803; x_wconf 89' lang='lat' dir='ltr'>PA</span> <span class='ocrx_word' id='word_1_253' title='bbox 1403 2770 1535 2812; x_wconf 83' lang='lat' dir='ltr'>aliique,</span> <span class='ocrx_word' id='word_1_254' title='bbox 1556 2772 1714 2803; x_wconf 84' lang='lat' dir='ltr'>afrorum</span> 
     </span>
     <span class='ocr_line' id='line_1_37' title="bbox 175 2822 1714 2865; baseline -0.004 -5"><span class='ocrx_word' id='word_1_255' title='bbox 175 2825 219 2858; x_wconf 81' lang='grc' dir='ltr'>’Ψ</span> <span class='ocrx_word' id='word_1_256' title='bbox 307 2831 368 2859; x_wconf 85' lang='grc'>123</span> <span class='ocrx_word' id='word_1_257' title='bbox 392 2836 435 2859; x_wconf 87' lang='lat' dir='ltr'>ex</span> <span class='ocrx_word' id='word_1_258' title='bbox 455 2827 585 2865; x_wconf 76' lang='lat' dir='ltr'>PAGU,</span> <span class='ocrx_word' id='word_1_259' title='bbox 612 2826 651 2857; x_wconf 89' lang='lat' dir='ltr'>in</span> <span class='ocrx_word' id='word_1_260' title='bbox 674 2825 784 2856; x_wconf 84' lang='lat' dir='ltr'>FLO&#39;I&#39;</span> <span class='ocrx_word' id='word_1_261' title='bbox 872 2828 934 2855; x_wconf 77' lang='lat'>124</span> <span class='ocrx_word' id='word_1_262' title='bbox 955 2825 1039 2855; x_wconf 84' lang='lat' dir='ltr'>lieet</span> <span class='ocrx_word' id='word_1_263' title='bbox 1062 2824 1088 2855; x_wconf 91' lang='lat' dir='ltr'>P</span> <span class='ocrx_word' id='word_1_264' title='bbox 1111 2823 1244 2865; x_wconf 88' lang='lat' dir='ltr'>aliique,</span> <span class='ocrx_word' id='word_1_265' title='bbox 1272 2824 1360 2855; x_wconf 91' lang='lat' dir='ltr'>libet</span> <span class='ocrx_word' id='word_1_266' title='bbox 1384 2824 1480 2862; x_wconf 85' lang='lat' dir='ltr'>GLU,</span> <span class='ocrx_word' id='word_1_267' title='bbox 1505 2824 1605 2863; x_wconf 86' lang='lat' dir='ltr'>petet</span> <span class='ocrx_word' id='word_1_268' title='bbox 1627 2822 1714 2855; x_wconf 74' lang='lat' dir='ltr'>Aro</span> 
     </span>
     <span class='ocr_line' id='line_1_38' title="bbox 180 2874 1628 2920; baseline -0.003 -10"><span class='ocrx_word' id='word_1_269' title='bbox 180 2881 214 2911; x_wconf 86' lang='lat' dir='ltr'>et</span> <span class='ocrx_word' id='word_1_270' title='bbox 230 2879 306 2920; x_wconf 87' lang='lat' dir='ltr'>(pet</span> <span class='ocrx_word' id='word_1_271' title='bbox 321 2879 357 2911; x_wconf 86' lang='lat' dir='ltr'>in</span> <span class='ocrx_word' id='word_1_272' title='bbox 372 2879 454 2919; x_wconf 67' lang='lat' dir='ltr'>rae.)</span> <span class='ocrx_word' id='word_1_273' title='bbox 470 2879 499 2911; x_wconf 84' lang='grc' dir='ltr'><strong>Τ</strong></span> <span class='ocrx_word' id='word_1_274' title='bbox 587 2881 648 2910; x_wconf 89' lang='grc'>130</span> <span class='ocrx_word' id='word_1_275' title='bbox 672 2877 824 2917; x_wconf 83' lang='lat' dir='ltr'>Tongilii</span> <span class='ocrx_word' id='word_1_276' title='bbox 848 2877 915 2915; x_wconf 86' lang='lat' dir='ltr'>GO,</span> <span class='ocrx_word' id='word_1_277' title='bbox 932 2877 1077 2915; x_wconf 57' lang='lat' dir='ltr'>&#39;rongihe</span> <span class='ocrx_word' id='word_1_278' title='bbox 1096 2876 1131 2915; x_wconf 89' lang='lat' dir='ltr'>P,</span> <span class='ocrx_word' id='word_1_279' title='bbox 1149 2877 1302 2914; x_wconf 84' lang='lat' dir='ltr'>Tongilli</span> <span class='ocrx_word' id='word_1_280' title='bbox 1319 2874 1389 2916; x_wconf 66' lang='lat'>¹1¹1),</span> <span class='ocrx_word' id='word_1_281' title='bbox 1410 2876 1580 2915; x_wconf 86' lang='lat' dir='ltr'>Tontigili</span> <span class='ocrx_word' id='word_1_282' title='bbox 1602 2875 1628 2907; x_wconf 74' lang='grc' dir='ltr'>Ξ·</span> 
     </span>
    </p>
   </div>
  </div>
 </body>
</html>
