1947 3145
786 94 1020 135 SATVRA
1056 94 1126 134 XI
1630 91 1652 130 1
1663 91 1686 132 Ο
1696 90 1722 130 3

327 212 494 267 argenti
517 211 655 267 grauis
679 216 722 253 et
746 226 944 265 pecorum
968 222 1247 265 agrorumque
1271 209 1495 262 capacem?

329 287 489 328 talibus
513 301 538 327 a
561 287 743 328 dominis
767 292 862 340 post
887 291 1038 327 cuncta
1062 284 1317 326 nouissimus
1341 283 1430 324 exit

326 362 495 411 anulus,
518 366 561 403 et
585 362 720 417 digito
744 362 955 403 mendicat
974 361 1112 402 Pollio
1137 360 1261 400 nudo.

326 451 411 478 non
434 438 694 491 praematuri
718 438 876 478 cineres
901 451 975 478 nec
1001 438 1127 477 funus
1151 435 1344 476 acerbum

215 523 256 555 45
327 513 532 562 luxuriae,
557 513 629 554 sed
651 518 785 553 morte
809 513 945 567 magis
968 511 1193 553 metuenda
1218 514 1419 551 senectus.

325 588 373 628 hi
396 587 648 642 plerumque
671 588 848 642 gradus:
883 588 1088 628 conducta
1112 586 1292 641 pecunia
1316 585 1472 625 Romae

325 668 368 704 et
391 677 531 704 coram
555 663 738 704 dominis
762 663 1052 713 consumitur3
1087 662 1196 710 inde,
1221 661 1295 702 ubi
1319 660 1498 714 paulum

324 738 463 780 nescio
488 739 594 792 quid
618 743 806 792 superest
830 743 873 779 et
897 738 1030 792 pallet
1055 737 1237 778 faenoris
1260 740 1419 784 auctor,

324 816 402 870 qui
426 821 588 857 uertere
613 816 763 865 solum,
786 816 913 856 Baias
937 820 980 856 et
1003 815 1057 856 ad
1081 819 1216 856 ostrea
1239 817 1423 854 currunt.

211 902 252 933 50
321 891 464 932 cedere
488 905 672 945 namque
696 891 784 932 foro
809 891 894 931 iam
917 904 1002 930 non
1026 895 1089 931 est
1113 889 1301 930 deterius
1326 901 1454 942 quam

325 966 540 1020 Esquilias
564 980 588 1006 a
612 966 793 1007 feruenti
817 966 1000 1021 migrare
1025 965 1198 1006 Subura.

324 1042 398 1083 ille
423 1042 542 1083 dolor
566 1042 679 1083 solus
703 1041 885 1096 patriam
910 1041 1183 1096 fugientibus,
1208 1040 1283 1080 illa

324 1117 542 1158 maestitia
565 1122 640 1166 est,
665 1118 850 1158 caruisse
875 1130 984 1157 anno
1008 1115 1266 1157 circensibus
1290 1127 1387 1155 un0.

323 1192 542 1248 sanguinis
566 1192 612 1232 in
638 1192 743 1233 facie
767 1206 852 1232 non
875 1193 1018 1232 haeret
1042 1196 1178 1245 gutta,
1203 1195 1423 1231 morantur

211 1278 251 1310 55
321 1267 450 1323 pauci
474 1267 703 1308 ridiculum
727 1272 770 1308 et
794 1267 1031 1322 fugientem
1056 1281 1108 1307 ex
1133 1266 1234 1307 urbe
1259 1265 1475 1319 pudorem.

388 1342 602 1396 experiere
626 1342 750 1382 hodie
775 1342 990 1395 numquid
1014 1341 1297 1395 pulcherrima
1322 1340 1454 1389 dictu,

322 1418 498 1466 Persice,
522 1431 608 1458 non
633 1422 841 1471 praestem
866 1417 982 1457 uitae
1000 1411 1105 1468 †sed
1129 1417 1316 1457 moribus
1340 1422 1382 1458 et
1407 1431 1464 1466 re,

321 1493 358 1535 si
380 1493 551 1534 laudem
575 1493 752 1546 siliquas
776 1493 970 1533 occultus
994 1506 1137 1547 ganeo,
1160 1493 1302 1546 pultes

319 1582 460 1611 coram
483 1569 580 1609 aliis
604 1569 761 1609 dictem
783 1582 913 1622 puero
938 1568 1010 1609 sed
1033 1568 1080 1608 in
1102 1582 1198 1609 aure
1223 1568 1452 1622 placentas.

208 1655 250 1689 60
318 1658 432 1694 nam,
455 1658 554 1685 cum
578 1644 635 1685 sis
658 1644 845 1684 conuiua
869 1644 978 1684 mihi
1002 1643 1244 1697 promissus,
1267 1644 1443 1685 habebis
1502 1666 1505 1671 ·

319 1720 581 1769 Euandrum,
605 1720 750 1760 uenies
775 1719 1029 1773 Tirynthius
1054 1723 1128 1760 aut
1155 1719 1293 1759 minor
1318 1719 1394 1760 illo

320 1795 482 1850 hospes,
506 1799 549 1836 et
574 1794 662 1848 ipse
688 1799 832 1835 tamen
854 1794 1104 1848 contingens
1129 1794 1333 1848 sanguine
1357 1795 1533 1844 caelum,
1557 1826 1560 1832 Α

319 1871 430 1912 alter
453 1870 589 1924 aquis,
613 1870 722 1910 alter
747 1870 930 1910 flammis
953 1870 1007 1910 ad
1031 1869 1167 1910 sidera
1190 1870 1355 1911 missus.

319 1947 482 1988 fercula
505 1960 621 1987 nunc
645 1946 743 1986 audi
767 1946 901 1986 nullis
926 1950 1074 1985 ornata
1098 1946 1297 1987 macellis.

208 2033 248 2064 65
318 2022 369 2064 de
394 2021 619 2062 Tiburtino
644 2021 790 2062 ueniet
816 2020 1122 2075 pinguissimus
1146 2034 1247 2075 agro

318 2096 526 2137 haedulus
551 2100 594 2136 et
620 2100 711 2136 toto
735 2109 856 2150 grege
881 2094 1061 2143 mollior,
1085 2094 1245 2136 inscius
1270 2095 1419 2137 herbae

317 2171 498 2212 necdum
523 2184 649 2211 ausus
674 2171 818 2224 uirgas
842 2170 1020 2211 humilis
1045 2171 1236 2211 mordere
1261 2171 1414 2221 salicti,

317 2247 391 2301 qui
414 2246 512 2300 plus
537 2245 661 2286 lactis
686 2246 815 2286 habet
841 2260 969 2300 quam
994 2246 1227 2300 sanguinis,
1251 2252 1293 2287 et
1318 2247 1514 2288 montani

316 2321 524 2376 asparagi,
547 2321 686 2374 posito
712 2335 817 2375 quos
842 2321 947 2375 legit
973 2321 1102 2361 uilica
1128 2321 1231 2362 fuso.

204 2406 245 2439 70
316 2396 494 2452 grandia
516 2400 730 2450 praeterea
756 2400 954 2449 tortoque
978 2396 1162 2437 calentia
1186 2395 1310 2438 faeno

316 2485 397 2513 oua
420 2472 581 2512 adsunt
605 2471 709 2525 ipsis
733 2485 832 2512 cum
857 2471 1077 2520 matribus,
1102 2477 1146 2512 et
1171 2477 1363 2514 seruatae

247 2605 288 2634 55
304 2603 342 2634 et
357 2601 554 2641 fugientem
570 2601 599 2632 G
617 2599 751 2641 aliique,
773 2599 874 2631 Prisc.
896 2599 1024 2631 G.L.K.
1044 2609 1071 2631 11
1089 2610 1120 2642 p.
1142 2601 1203 2632 389
1221 2603 1256 2633 et
1278 2609 1322 2633 111
1347 2612 1378 2643 p.
1400 2602 1472 2641 361,
1493 2603 1720 2642 effugientem

181 2653 303 2692 PAFL,
330 2653 528 2692 fugientem
557 2652 646 2684 O'I'U
745 2655 786 2683 57
817 2653 916 2683 uitae
947 2652 982 2690 P,
1009 2653 1089 2683 uita
1111 2650 1148 2683 Ψ
1247 2653 1310 2684 sed.
1332 2653 1373 2693 A,
1401 2665 1462 2682 fl*
1486 2654 1513 2686 P
1538 2652 1719 2696 (quadrant

181 2703 325 2746 uestigia
340 2703 377 2735 in
393 2703 471 2742 sed),
491 2711 555 2734 nec
571 2701 617 2740 Ψ,
638 2703 696 2734 uel
720 2703 813 2742 GUp.
832 2703 894 2733 tibi
916 2701 971 2733 uel
992 2712 1115 2742 quoque
1133 2702 1365 2743 Buechelerus,
1385 2704 1512 2746 optime
1527 2703 1570 2735 ad
1586 2706 1719 2735 senten-

181 2754 289 2795 tiam;
312 2756 349 2786 at
371 2756 512 2796 apparet
533 2753 651 2795 opinor
674 2752 944 2784 emendationem
968 2753 1003 2784 in
1027 2753 1086 2784 illo
1109 2755 1163 2785 sed
1185 2755 1252 2786 niti
1273 2754 1400 2793 debere,
1418 2755 1508 2797 quod
1529 2765 1605 2787 cum
1627 2755 1720 2787 omni

181 2815 282 2839 sensu
304 2808 414 2838 careat
437 2804 628 2837 coniectura
653 2805 745 2836 nasci
768 2805 828 2836 uix
851 2805 973 2846 potuit,
997 2807 1182 2846 potuerunt
1204 2816 1260 2838 nec
1282 2808 1317 2838 et
1337 2807 1393 2839 uel
1501 2811 1542 2839 58
1566 2807 1597 2839 si
1620 2807 1712 2846 PSA,

182 2858 246 2891 sed
261 2856 299 2889 Ψ
389 2861 429 2890 62
446 2857 655 2896 contingens
671 2857 828 2895 PAG'I'U,
850 2857 1026 2897 contingit
1041 2858 1123 2890 FLO
