1947 3145
705 81 937 124 SATVRA
973 82 1094 123 VIII
1608 82 1631 122 8
1644 82 1664 121 1

269 201 465 255 perditus
489 206 539 243 ut
564 200 733 242 dubitet
758 201 961 242 Senecam
985 200 1195 255 praeferre
1220 199 1414 241 Neroni?

268 277 389 318 cuius
413 277 621 331 supplicio
645 290 731 317 non
756 277 904 317 debuit
929 290 1014 317 una
1036 276 1178 330 parari

269 351 394 393 simia
417 365 495 393 nec
519 365 688 406 serpens
713 365 822 392 unus
847 365 924 392 nec
946 351 1108 392 culleus
1134 365 1254 392 unus.

134 435 199 467 215
267 440 344 480 par
366 427 760 482 Agamemnonidae
784 427 956 476 crimen,
981 427 1054 467 sed
1077 440 1203 467 causa
1227 425 1333 467 facit
1357 439 1447 466 rem

270 501 533 544 dissimilem.
603 502 762 556 quippe
785 501 858 542 ille
882 501 971 543 deis
994 502 1239 543 auctoribus
1263 501 1379 542 ultor

214 577 217 581 ’
278 578 413 631 patris
436 582 530 619 erat
553 578 661 618 caesi
685 577 824 618 media
848 577 962 618 inter
987 577 1149 631 pocula,
1173 576 1246 618 sed
1270 589 1346 618 nec

270 654 464 696 Electrae
488 653 634 708 iugulo
658 665 700 693 se
725 652 883 706 polluit
908 658 983 694 aut
1008 652 1207 707 Spartani

271 728 478 784 sanguine
502 728 703 783 coniugii,
728 728 860 768 nullis
884 728 1053 769 aconita
1077 727 1329 782 propinquis

135 816 199 848 220
269 803 457 852 miscuit,
480 803 526 843 in
550 817 701 844 scaena
724 817 960 858 numquam
984 803 1180 844 cantauit
1206 803 1388 851 Orestes,

271 879 418 921 Troica
442 892 527 919 non
552 879 731 932 scripsit.
805 879 911 933 quid
935 879 1051 920 enim
1075 879 1310 933 Verginius
1333 878 1462 919 armis

273 955 425 996 debuit
450 954 601 995 ulcisci
626 955 763 1009 magis
787 958 865 995 aut
890 968 991 995 cum
1016 954 1197 994 Vindice
1224 953 1373 1002 Galba,

271 1030 386 1085 quod
409 1030 523 1071 Nero
548 1034 638 1070 tam
663 1043 788 1070 saeua
811 1030 1023 1083 crudaque
1049 1029 1279 1083 tyrannide
1304 1029 1437 1070 fecit?

272 1106 376 1146 haec
399 1118 523 1159 opera
547 1110 676 1158 atque
699 1105 778 1145 hae
802 1109 906 1145 sunt
930 1105 1120 1160 generosi
1144 1105 1353 1159 principis
1376 1108 1499 1152 artes,

136 1192 201 1223 225
271 1179 499 1237 gaudentis
523 1179 644 1220 foedo
669 1180 890 1234 peregrina
915 1179 968 1220 ad
991 1180 1163 1234 pulpita
1185 1184 1317 1220 cantu

270 1254 477 1310 prostitui
503 1254 738 1308 Graiaeque
762 1255 911 1308 apium
935 1255 1136 1295 meruisse
1160 1268 1346 1296 coronae.

272 1331 482 1371 maiorum
507 1329 666 1384 effigies
686 1329 874 1370 habeant
899 1330 1087 1384 insignia
1112 1330 1239 1378 uocis,

271 1410 374 1446 ante
397 1405 524 1459 pedes
548 1404 720 1445 Domiti
744 1404 922 1460 longum
947 1410 997 1446 tu
1020 1418 1131 1458 pone
1157 1405 1366 1459 Thyestae

272 1494 415 1536 syrma
439 1480 510 1521 uel
528 1480 768 1535 Antigones
792 1485 868 1521 aut
892 1494 1116 1534 personam
1141 1481 1427 1535 Melanippes,

136 1567 200 1599 230
269 1561 313 1598 et
336 1556 387 1597 de
411 1568 645 1596 marmoreo
669 1556 879 1596 citharam
905 1556 1113 1610 suspende
1137 1555 1307 1597 colosso.

339 1631 455 1686 quid,
479 1630 680 1680 Catilina,
704 1631 792 1672 tuis
816 1631 1033 1672 natalibus
1058 1636 1186 1685 atque
1212 1631 1391 1686 Cethegi

272 1707 469 1748 inueniet
492 1707 721 1761 quisquam
745 1707 1004 1748 sublimius?
1072 1721 1190 1747 arma
1216 1711 1360 1748 tamen
1385 1720 1459 1748 uos

272 1787 484 1824 nocturna
507 1786 550 1823 et
575 1782 767 1823 flammas
792 1782 992 1824 domibus
1016 1782 1275 1837 templisque
1298 1783 1470 1836 paratis,

274 1862 326 1899 ut
350 1858 625 1899 bracatorum
648 1858 773 1911 pueri
799 1857 1100 1912 Senonumque
1123 1858 1315 1906 minores,

138 1943 203 1976 235
271 1933 367 1975 ausi
391 1933 504 1987 quod
527 1933 655 1974 liceat
681 1933 828 1974 tunica
852 1933 1006 1988 punire
1030 1933 1219 1974 molesta.

273 2008 346 2050 sed
368 2008 524 2064 uigilat
548 2007 698 2049 consul
724 2007 967 2062 uexillaque
993 2012 1135 2049 uestra
1159 2012 1344 2058 coercet,

273 2084 345 2125 hic
368 2097 508 2125 nouus
531 2083 733 2138 Arpinas,
756 2083 958 2138 ignobilis
982 2088 1025 2124 et
1049 2083 1174 2124 modo
1199 2083 1357 2124 Romae

275 2159 549 2214 municipalis
572 2172 709 2213 eques,
733 2159 949 2214 galeatum
972 2160 1095 2213 ponit
1120 2159 1281 2213 ubique

204 2340 267 2369 221
283 2336 466 2376 uerginius
482 2334 529 2373 Ψ,
546 2337 711 2376 uirgilius
732 2336 784 2367 Ps
872 2339 934 2367 223
952 2334 1147 2366 facetiarum
1167 2333 1272 2376 lepori
1291 2334 1419 2367 officere
1438 2335 1523 2367 mihi
1539 2334 1678 2367 uidetur

225 2389 320 2430 quod
343 2387 561 2430 Peyraredus,
587 2389 672 2429 quid
695 2386 760 2419 ΡΨ
848 2391 911 2418 224
933 2387 1000 2419 hae
1024 2389 1109 2419 sunt
1132 2387 1232 2425 PAG,
1257 2388 1344 2419 haec
1367 2389 1452 2419 sunt
1475 2389 1515 2426 U,
1545 2386 1586 2419 de
1610 2397 1677 2430 quo

137 2439 218 2473 uide
241 2440 285 2472 ad
300 2448 341 2472 vt
358 2441 431 2476 259,
451 2441 534 2472 illae
558 2441 643 2471 sunt
659 2441 694 2479 F,
714 2440 797 2471 illae
820 2440 905 2471 LOT
992 2443 1054 2470 225
1079 2440 1187 2470 cantu
1210 2440 1299 2472 PGU
1318 2439 1420 2472 Prisc.
1440 2439 1573 2472 G.L.K.
1594 2448 1624 2471 11
1640 2450 1674 2481 p.

138 2494 214 2533 419,
241 2493 340 2525 saltu
361 2491 400 2523 Ψ
487 2495 550 2523 229
574 2492 759 2531 antigenes
783 2489 831 2529 Ψ,
857 2490 1049 2530 antigonae
1076 2491 1129 2522 PF
1216 2492 1281 2522 aut
1306 2491 1532 2531 Hermannus,
1560 2493 1602 2524 tu
1624 2490 1672 2531 Ψ,

138 2554 204 2577 om.
239 2545 276 2577 Ρ.
325 2543 405 2576 ordo
436 2546 487 2575 est
518 2543 673 2584 Thyestae
703 2552 818 2583 syrma
847 2543 902 2573 uel
926 2552 1103 2582 personam
1131 2542 1314 2583 Antiymzes
1339 2546 1399 2574 aut
1429 2544 1635 2584 Melanippes

181 2597 404 2637 melanippes
416 2595 519 2627 Paris.
534 2596 628 2634 9345,
644 2595 864 2634 menalippes
876 2592 923 2631 Ψ,
936 2595 1137 2634 menalippe
1150 2595 1188 2633 P,
1203 2596 1416 2636 menalippis
1429 2597 1469 2634 U,
1482 2595 1677 2635 menalippi

138 2646 204 2680 ΣΡ.
251 2647 425 2680 quenalis
448 2646 615 2689 quomodo
638 2646 777 2678 nomina
793 2646 956 2677 feminina
972 2645 1097 2677 Graeca
1119 2646 1156 2677 in
1171 2656 1186 2677 e
1202 2647 1360 2678 exeuntia
1375 2647 1591 2679 inclinauerit
1608 2656 1676 2678 non

138 2699 298 2741 ignorant
329 2699 472 2732 editores
504 2699 672 2741 (legerunt
703 2697 792 2729 enim
823 2706 879 2728 VII
911 2698 929 2728 6
959 2698 1161 2738 Ayanippes,
1195 2706 1235 2729 v1
1267 2697 1308 2731 72
1339 2699 1513 2736 Autonoes,
1542 2707 1582 2731 VI
1614 2699 1676 2730 156

139 2751 320 2789 Beronices,
344 2760 396 2783 xv
427 2751 466 2782 21
494 2751 608 2787 Circes,
636 2758 665 2781 11
698 2750 758 2780 111
791 2751 825 2780 et
849 2757 916 2780 XIV
944 2749 1006 2780 263
1034 2749 1169 2789 Cybeles,
1198 2758 1239 2781 XI
1272 2751 1333 2781 124
1359 2751 1488 2792 Syenes,
1515 2759 1588 2782 V111
1614 2749 1675 2782 197

144 2803 338 2844 Thymeles),
365 2802 424 2835 sed
449 2813 528 2845 prae
556 2801 734 2834 Pithoeani
761 2810 870 2832 amore
895 2799 1142 2833 obliuiscuntur
1230 2806 1292 2835 233
1319 2803 1461 2843 paratis
1488 2803 1514 2835 P
1537 2801 1671 2844 aliique,

138 2856 301 2895 parastis
316 2854 354 2886 Ψ
442 2858 505 2887 235
521 2855 618 2887 autsi
634 2854 694 2891 PS,
712 2853 806 2884 aussi
822 2852 1025 2885 Ribbeckius

1515 2913 1542 2943 G
