1947 3145
730 110 962 151 SATVRA
999 109 1120 149 XIII
1595 109 1617 147 1
1629 108 1652 148 2
1663 109 1684 148 1

293 230 462 271 caerula
486 229 582 284 quis
608 229 777 283 stupuit
803 229 1004 269 Germani
1028 228 1205 276 lumina,
1229 227 1384 268 flauam

157 316 220 347 165
290 306 517 347 caesariem
541 309 584 346 et
608 304 778 345 madido
803 308 1074 358 torquentem
1099 317 1256 344 cornua
1279 303 1414 343 cirro?

294 381 465 435 [nempe
490 381 602 434 quod
625 380 728 420 haec
752 380 839 421 illis
864 384 1017 421 natura
1041 384 1103 420 est
1129 379 1327 420 omnibus
1352 378 1466 432 una]

294 456 348 497 ad
371 455 536 497 subitas
560 456 767 496 Thracum
792 455 982 496 uolucres
1006 456 1246 509 nubemque
1271 468 1464 496 sonoram

294 532 533 587 Pygmaeus
558 531 700 584 paruis
724 531 860 571 currit
885 531 1063 571 bellator
1086 532 1131 571 in
1157 531 1299 580 armis,

293 620 394 648 mox
418 607 542 660 inpar
564 607 679 647 hosti
703 611 936 659 raptusque
960 620 1034 660 per
1059 621 1151 648 aera
1177 606 1320 647 curuis

160 692 223 725 170
291 682 509 736 unguibus
532 695 557 721 a
582 695 706 721 saeva
732 681 869 722 fertur
893 695 1007 736 grue.
1078 683 1114 722 si
1139 682 1284 722 uideas
1308 682 1388 722 hoc

294 757 495 812 gentibus
520 755 566 795 in
591 756 761 804 nostris,
785 756 871 797 risu
897 757 1110 810 quatiare3
1147 757 1219 798 sed
1242 757 1345 805 illic,

293 845 555 886 quamquam
580 831 726 872 eadem
750 831 924 872 adsidue
949 837 1190 886 spectentur
1212 832 1377 886 proelia,
1401 831 1511 872 ridet

294 921 432 956 nemo,
456 907 530 948 ubi
555 910 647 947 tota
671 908 819 948 cohors
843 907 946 961 pede
972 922 1057 948 non
1082 912 1145 948 est
1170 909 1295 949 altior
1318 921 1413 948 uno.

360 988 369 1004 ‘
385 982 560 1023 nullane
584 983 723 1036 peiuri
747 983 901 1036 capitis
930 983 1175 1038 fraudisque
1200 983 1407 1024 nefandae

160 1070 222 1103 175
291 1072 426 1114 poena
450 1058 531 1099 erit
548 1060 563 1099 ἲ
578 1058 587 1073 ’
656 1059 881 1112 abreptum
905 1059 1023 1100 crede
1047 1060 1159 1100 hunc
1184 1060 1377 1114 grauiore
1400 1064 1550 1100 catena

295 1134 493 1189 protinus
518 1139 561 1175 et
584 1139 727 1175 nostro
753 1134 876 1188 (quid
899 1135 997 1188 plus
1022 1135 1129 1175 uelit
1154 1135 1217 1175 ira
1234 1136 1267 1188 ἲ)
1292 1135 1433 1175 necari

297 1210 500 1251 arbitrio:
535 1214 680 1250 manet
706 1210 782 1250 illa
808 1216 951 1250 tamen
971 1210 1148 1259 iactura,
1171 1224 1247 1251 nec
1272 1224 1478 1264 umquam

297 1285 539 1339 depositum
564 1285 646 1326 tibi
671 1299 811 1340 sospes
837 1286 931 1334 erit,
956 1286 1027 1326 sed
1050 1299 1220 1339 corpore
1246 1290 1396 1327 trunco

298 1361 513 1402 inuidiosa
532 1361 651 1402 dabit
675 1362 808 1402 solum
834 1361 988 1402 solacia
1013 1362 1198 1415 sanguis.

164 1447 226 1478 180
295 1441 305 1457 ‘
320 1441 366 1477 at
389 1435 586 1477 uindicta
611 1436 770 1477 boumn
795 1436 888 1477 uita
912 1436 1142 1477 iucundius
1167 1437 1281 1490 ipsa?

299 1525 452 1566 nempe
471 1512 550 1553 hoc
569 1511 742 1561 indocti,
767 1526 948 1566 quorum
973 1512 1215 1566 praecordia
1240 1512 1372 1552 nullis

299 1588 517 1629 interdum
541 1593 617 1628 aut
641 1587 810 1629 leuibus
835 1588 981 1628 uideas
1006 1588 1232 1642 flagrantia
1255 1588 1406 1635 causis,

299 1663 696 1718 quantulacumque
719 1663 821 1704 adeo
846 1668 910 1704 est
934 1663 1093 1704 occasio
1118 1664 1276 1704 sufficit
1301 1664 1411 1704 irae:

299 1738 563 1794 Chrysippus
586 1753 672 1779 non
698 1739 809 1779 dicet
834 1739 947 1779 idem
974 1752 1050 1780 nec
1074 1739 1179 1780 mite
1203 1738 1395 1779 Thaletis

164 1825 226 1857 185
297 1814 522 1869 ingenium
546 1814 747 1868 dulcique
773 1827 900 1855 senex
925 1814 1094 1855 uicinus
1119 1814 1341 1868 Hymetto,

302 1890 378 1944 qui
401 1894 569 1943 partem
594 1895 789 1944 acceptae
814 1903 939 1930 saeua
964 1891 1078 1931 inter
1102 1890 1246 1930 uincla
1269 1889 1434 1930 cicutae

300 1965 537 2006 accusatori
561 1964 695 2005 nollet
720 1964 829 2006 dare.
900 1965 1088 2019 plurima
1113 1965 1218 2005 felix

301 2040 516 2095 paulatim
540 2040 650 2081 uitia
675 2045 804 2095 atque
829 2054 985 2081 errores
1009 2041 1143 2089 exuit,
1169 2054 1313 2081 omnes

300 2116 440 2171 prima
464 2115 617 2157 docens
641 2120 818 2165 rectum,
844 2116 1065 2170 sapientia.
1137 2116 1296 2171 quippe
1321 2115 1482 2156 minuti

167 2203 230 2235 190
301 2204 466 2246 semper
490 2196 534 2232 et
557 2191 722 2232 infirmi
746 2196 809 2232 est
834 2192 968 2232 animi
992 2192 1220 2246 exiguique
1245 2192 1444 2245 uoluptas

300 2267 420 2308 ultio.
490 2267 695 2308 continuo
719 2267 777 2308 sic
801 2267 964 2322 collige,
989 2266 1102 2321 quod
1125 2267 1320 2308 uindicta

304 2355 429 2383 nemo
453 2342 589 2397 magis
613 2342 771 2396 gaudet
795 2356 925 2396 quam
950 2342 1120 2383 femina.
1191 2356 1263 2382 cur
1286 2347 1430 2383 tamen
1455 2341 1530 2382 hos
1554 2345 1603 2381 tu

235 2468 298 2497 165
321 2472 455 2497 cornua
477 2465 568 2496 cirro
584 2474 648 2495 om.
670 2465 696 2496 P
784 2469 846 2497 166
863 2463 1064 2495 Marklando
1081 2466 1273 2506 suspectum
1290 2463 1354 2496 del.
1376 2464 1556 2506 Pinzgerus
1644 2467 1707 2494 174

169 2517 287 2558 peiuri
314 2517 370 2548 SA
397 2519 431 2547 et
457 2526 539 2548 corr.
571 2526 611 2547 ex
637 2517 748 2557 peiori
771 2517 807 2555 P,
838 2517 973 2556 periuri
995 2515 1033 2547 Ψ
1132 2521 1194 2548 179
1225 2516 1371 2554 8011111ιῇ
1398 2516 1491 2548 nihil
1515 2516 1593 2547 inde
1620 2515 1708 2546 lucri

169 2569 301 2601 habebis
322 2569 393 2600 nisi
411 2569 621 2600 inuidiosam
635 2569 854 2609 defensionem
870 2567 907 2609 Σ,
928 2569 1095 2600 minimus
1111 2567 1254 2600 absurde
1275 2567 1339 2600 ΡΨ
1360 2568 1499 2600 fortasse
1520 2578 1560 2599 ex
1584 2576 1609 2599 x
1631 2568 1704 2603 217,

169 2622 293 2652 missus
318 2619 558 2652 Wakefieldus.
617 2621 724 2652 solum
750 2621 874 2652 solacia,
904 2624 943 2651 ut
974 2620 1072 2662 Verg.
1108 2620 1190 2652 Aen.
1224 2629 1267 2651 111
1300 2621 1361 2652 183
1385 2630 1479 2652 casus
1504 2619 1702 2656 Cassandra,

171 2671 291 2704 Manil.
313 2681 326 2703 1
350 2672 413 2705 743
437 2682 537 2703 cursu
559 2674 744 2713 cur-uisque,
766 2672 866 2703 Mart.
884 2681 909 2703 x
934 2673 973 2704 48
998 2673 1038 2703 16
1052 2672 1141 2711 faba
1154 2673 1346 2712 fabrorum,
1376 2672 1451 2704 11111.
1477 2680 1528 2703 XV
1552 2672 1592 2704 75
1610 2681 1706 2711 prae-

170 2727 260 2756 stant
274 2724 487 2756 metantibus.
522 2723 620 2765 plura
635 2723 707 2755 dixi
718 2724 753 2755 in
771 2724 977 2766 praefatione
989 2723 1033 2755 ad
1046 2723 1164 2755 Manil.
1180 2733 1204 2762 Ι,
1220 2735 1252 2766 p.
1268 2723 1350 2756 lxvi.
1393 2728 1549 2762 ceterum,
1564 2722 1630 2754 nisi
1642 2721 1708 2754 alio

173 2775 311 2807 duceret
332 2775 538 2814 scholiastes,
567 2775 668 2806 scribi
691 2778 824 2817 poterat
847 2775 902 2806 uel
924 2776 1044 2806 damni
1069 2774 1125 2806 uel
1147 2775 1320 2807 lenissima
1346 2775 1536 2806 mutatione
1559 2775 1709 2805 nimium

174 2827 332 2867 (nimium
355 2826 547 2866 inuidiosa),
570 2826 634 2858 hoc
662 2829 713 2858 est
741 2828 889 2858 minimu
977 2831 1039 2859 183
1063 2826 1126 2858 del.
1153 2827 1294 2859 Iahnius
1382 2831 1531 2859 187-189
1553 2826 1710 2866 plurima

169 2903 322 2911 ......
341 2880 508 2919 sapientia
523 2878 587 2911 del.
608 2879 750 2911 Guietus
838 2883 900 2911 189
917 2880 1043 2911 docens
1059 2878 1106 2916 Ψ,
1123 2880 1226 2911 docet
1241 2880 1299 2912 PU
1388 2883 1449 2911 190
1466 2881 1503 2910 et
1519 2887 1583 2909 om.
1600 2878 1626 2910 P
