1947 3145
735 97 967 139 SATVRA
1003 96 1116 136 XVI
1598 96 1619 135 1
1628 94 1688 135 43

184 228 227 258 ⁴20
296 221 388 258 tota
411 217 557 258 cohors
582 221 726 258 tamen
751 220 816 257 est
841 214 1029 262 inimica,
1054 225 1285 266 omnesque
1309 211 1490 264 manipli

297 291 537 344 †consensu
561 304 715 346 magno
739 291 931 331 efficiunt
955 287 1159 329 curabilis
1184 292 1233 328 ut
1258 287 1314 327 sit

299 367 495 408 uindicta
519 371 562 407 et
587 366 758 421 grauior
783 379 910 419 quam
935 363 1105 404 iniuria.
1176 362 1357 416 dignum
1383 361 1465 401 erit
1490 374 1588 415 ergo

298 442 594 484 declamatoris
618 441 785 482 mulino
809 439 932 480 corde
956 437 1140 493 Vagelli,

297 532 395 558 cum
420 517 503 557 duo
526 530 651 558 crura
675 515 841 563 habeas,
865 513 1075 555 offendere
1101 517 1166 554 tot
1191 511 1360 566 caligas,
1386 516 1451 552 tot

186 603 229 633 25
298 592 420 633 milia
444 592 672 633 clauorum.
743 589 840 644 quis
865 593 955 630 tam
979 587 1126 642 procul
1149 587 1263 628 absit
1286 587 1339 626 ab
1364 586 1466 627 urbe

299 671 532 722 praeterea,
557 666 653 720 quis
676 669 767 706 tam
791 664 986 719 Pylades,
1009 663 1164 703 molem
1189 662 1357 717 aggeris
1382 661 1497 702 ultra

301 746 350 784 ut
374 743 556 783 ueniat?
624 740 823 781 lacrimae
847 739 1059 780 siccentur
1082 738 1292 792 protinus,
1315 742 1358 778 et
1383 750 1425 777 se

299 822 576 860 excusaturos
599 831 685 857 non
710 816 988 856 sollicitemus
1012 814 1178 854 amicos.

300 899 309 914 ‘
326 893 379 934 da
403 893 582 935 testem'
607 892 739 933 iudex
764 905 863 932 611111
888 890 1060 938 dixerit,
1084 888 1241 929 audeat
1265 887 1338 928 ille

189 980 231 1011 30
301 969 443 1011 nescio
467 968 576 1023 quis,
598 981 764 1022 pugnos
788 966 862 1020 qui
888 966 1014 1014 uidit,
1038 965 1178 1005 dicere
1201 963 1342 1012 ‘uidi,'

300 1049 343 1085 et
367 1043 536 1085 credam
559 1043 739 1098 dignum
764 1042 894 1083 barba
919 1041 1185 1095 dignumque
1209 1038 1378 1092 capillis

300 1119 520 1160 maiorum.
589 1118 716 1159 citius
740 1117 894 1158 falsum
917 1115 1148 1170 producere
1172 1119 1327 1155 testem

301 1199 452 1235 contra
475 1207 692 1248 paganum
716 1192 852 1246 possis
876 1205 1004 1246 quam
1027 1204 1128 1231 uera
1151 1190 1399 1244 loquentem

301 1274 450 1311 contra
474 1269 693 1309 fortunam
717 1267 871 1308 armati
896 1270 1127 1320 contraque
1151 1265 1365 1319 pudorem.

189 1354 231 1386 35
367 1344 558 1398 praemia
583 1357 698 1384 nunc
722 1343 808 1383 alia
832 1347 960 1397 atque
985 1341 1070 1382 alia
1095 1340 1385 1382 emolumenta
1410 1344 1609 1381 notemus

303 1424 678 1460 sacramentorum.
748 1417 988 1459 conuallem
1013 1416 1124 1457 ruris
1149 1416 1259 1456 auiti

303 1494 523 1548 improbus
546 1497 624 1534 aut
647 1507 845 1547 campum
869 1492 979 1533 mihi
1004 1492 1040 1532 si
1064 1491 1233 1532 uicinus
1257 1490 1419 1531 ademit

303 1573 346 1610 et
370 1582 536 1610 sacrum
560 1568 709 1609 effodit
733 1568 874 1609 medio
895 1567 945 1608 de
970 1567 1112 1608 limite
1137 1580 1289 1607 saxum

305 1644 418 1698 quod
441 1658 535 1685 mea
558 1657 657 1685 cum
681 1643 830 1697 patulo
854 1642 987 1684 coluit
1011 1642 1108 1696 puls
1132 1656 1277 1682 annua
1300 1641 1400 1689 libo,

193 1729 234 1761 40
303 1719 472 1761 debitor
495 1724 571 1760 aut
596 1724 790 1773 sumptos
813 1719 954 1773 pergit
979 1731 1066 1758 non
1090 1717 1267 1758 reddere
1292 1730 1489 1757 nummos

306 1808 419 1835 uana
443 1794 698 1848 superuacui
723 1794 868 1834 dicens
892 1793 1173 1848 chirographa
1197 1792 1319 1846 ligni,

306 1869 597 1924 expectandus
621 1869 705 1910 erit
730 1869 804 1923 qui
828 1868 928 1909 lites
952 1868 1125 1909 incohet
1149 1881 1288 1908 annus

308 1945 445 1986 totius
468 1944 627 1999 populi.
698 1944 770 1985 sed
794 1949 888 1985 tum
913 1957 1080 1998 quoque
1105 1943 1225 1983 mille
1248 1941 1421 1983 ferenda

240 2096 281 2124 20
304 2093 428 2124 cohors
450 2093 572 2123 tamen
593 2090 640 2128 Ψ,
657 2093 778 2123 tamen
801 2092 923 2123 cohors
946 2092 972 2122 P
1060 2095 1099 2122 21
1124 2099 1333 2122 consensum
1350 2099 1480 2130 magna
1495 2091 1529 2128 F,
1550 2098 1654 2130 mago
1675 2090 1707 2122 U

174 2142 233 2176 sed
248 2154 329 2175 corr.
418 2144 574 2175 efficiunt
596 2143 659 2180 Pr,
682 2143 838 2174 officiunt
861 2141 898 2173 Ψ
986 2143 1154 2174 curabilis
1178 2143 1329 2179 PSAFU,
1354 2142 1526 2173 curabitis
1549 2142 1665 2174 GLOT

219 2196 268 2227 sit
290 2193 391 2234 ΡΕΨ,
410 2204 474 2226 1166
497 2196 531 2226 Γ.
576 2194 638 2225 hac
656 2193 832 2225 Pithoeani
856 2193 1089 2235 editorumque
1113 2194 1279 2235 scriptura
1302 2193 1508 2224 contrarium
1529 2192 1656 2225 dicitur
1670 2203 1709 2225 ac

176 2246 286 2285 debet,
306 2245 555 2288 requiriturque
577 2247 637 2276 aut
659 2245 813 2277 uitabilis
836 2248 896 2276 aut
911 2256 1064 2276 consensa
1087 2247 1201 2276 mimas
1222 2245 1364 2284 efficiunt
1381 2244 1506 2283 (minus
1522 2244 1704 2283 curabilis).

175 2296 234 2329 sed
258 2296 465 2339 probabilius
488 2295 623 2327 uidetur
648 2296 789 2336 efficiunt
815 2300 857 2328 ut
883 2306 980 2327 cura
1008 2297 1084 2327 tibi
1109 2298 1161 2327 sit
1181 2296 1185 2337 1
1206 2297 1414 2327 uindictae
1439 2297 1581 2336 ,qrauior
1606 2305 1709 2336 quam

176 2349 322 2387 iniuria,
340 2348 403 2379 hoc
415 2350 474 2387 est,
492 2351 531 2378 ut
541 2350 574 2378 te
586 2347 774 2378 uindictam
788 2358 917 2379 curasse
934 2348 1104 2390 paeniteat
1182 2351 1222 2378 22
1236 2349 1273 2379 et
1286 2357 1349 2378 om.
1363 2348 1444 2380 FLO
1522 2351 1562 2379 23
1576 2348 1709 2379 mulino

176 2402 229 2433 Ps
245 2399 380 2442 aliique,
400 2400 593 2431 mutinensi
613 2397 659 2436 Ψ.
677 2400 889 2430 mutinensis
905 2401 942 2437 T,
960 2400 1185 2431 multinensis
1202 2400 1252 2437 U:
1276 2403 1310 2430 et
1332 2399 1462 2430 mulino
1479 2401 1512 2430 et
1528 2399 1712 2430 mutinensi

177 2451 330 2494 agnoscit
345 2449 374 2482 Σ
461 2455 503 2482 24
524 2451 658 2490 caligas
680 2452 736 2482 tot.
759 2449 825 2481 duo
851 2450 1012 2492 Rupertii,
1030 2460 1117 2481 unus
1142 2450 1342 2491 Denipsteri,
1363 2451 1536 2490 caligatus
1559 2449 1624 2482 ΡΨ

223 2508 263 2536 29
281 2512 360 2535 cum
375 2503 468 2539 PFU,
487 2511 590 2542 quem
606 2501 652 2539 Ψ,
671 2512 768 2542 quom
785 2502 996 2541 Ribbeckius,
1018 2501 1095 2533 uide
1114 2511 1157 2533 111
1175 2503 1214 2534 37
1304 2503 1447 2533 duxerit
1467 2503 1600 2534 audeat
1615 2502 1669 2533 illi
1684 2502 1711 2533 P

267 2559 307 2587 3ο
323 2555 385 2595 qui
399 2555 493 2585 uidit
509 2554 605 2590 PTU,
623 2554 717 2584 uidit
733 2554 794 2593 qui
810 2552 846 2584 Ψ
935 2558 975 2585 35
994 2555 1068 2584 alia.
1084 2554 1322 2585 emolumenta
1337 2554 1363 2585 Ο
1380 2551 1504 2594 aliique
1520 2556 1554 2583 et
1570 2562 1609 2583 ex
1626 2562 1707 2583 corr.

180 2608 248 2644 Lu,
265 2606 553 2638 aliemolumenta
568 2605 602 2642 F,
620 2605 857 2636 emolumenta
872 2603 918 2641 Ψ,
936 2605 1153 2636 molumenta
1168 2605 1194 2636 P
1281 2609 1321 2636 38
1338 2606 1375 2636 et
1392 2605 1486 2641 PFU,
1503 2606 1568 2636 aut
1584 2604 1710 2640 ALO'I',

179 2657 247 2700 legi
273 2667 342 2688 non
368 2659 479 2697 potest
507 2656 536 2687 G
622 2656 736 2686 medio
763 2655 889 2692 PGTU,
916 2656 1036 2687 iuncto
1063 2656 1177 2687 medio
1206 2657 1239 2692 P,
1265 2664 1364 2687 sacro
1392 2656 1455 2687 LO.
1503 2654 1713 2696 significatur

181 2709 278 2742 limes
301 2707 444 2740 duorum
471 2705 682 2748 praediorum
709 2705 861 2737 medius:
894 2706 1006 2747 inepte
1034 2707 1234 2748 interpretes
1258 2706 1403 2738 mediam
1432 2706 1551 2737 limitis
1582 2708 1710 2747 partem

181 2760 389 2802 intellegunt
476 2763 516 2791 39
540 2759 664 2798 patulo
687 2758 811 2794 PFOU.
829 2758 950 2789 uetulo
973 2759 1089 2789 AGL'I'
1176 2759 1257 2798 puls
1279 2759 1432 2795 PGLTU,
1450 2759 1530 2798 plus
1546 2757 1632 2788 AFO

226 2816 267 2844 41
283 2810 361 2842 uide
377 2818 450 2842 x111
469 2809 529 2842 137
617 2813 659 2840 42
681 2809 822 2840 inchoet
837 2807 874 2839 Ψ
896 2808 988 2840 Seru.
1010 2809 1093 2840 Aen.
1113 2817 1143 2840 11
1164 2811 1235 2848 102,
1256 2811 1400 2842 inchoat
1416 2809 1446 2841 U
1468 2810 1502 2840 et
1525 2808 1663 2840 sortasse
1687 2807 1714 2839 P

269 2867 312 2896 4³
327 2865 407 2895 tum
421 2862 546 2899 Lo'ru,
563 2863 649 2893 tuno
665 2861 780 2893 PAFG
