1947 3145
198 239 261 270 320

197 615 261 646 325

196 991 261 1021 330

216 2080 257 2110 10

791 110 1024 152 SATVRA
1060 110 1146 151 XV

331 234 543 284 quantum
569 229 773 271 Socratici
797 233 996 283 ceperunt
1021 232 1119 269 ante
1142 233 1342 283 penates;

332 318 571 359 numquam
595 305 714 346 aliud
737 309 900 354 natura,
923 305 1041 345 aliud
1065 305 1274 358 sapientia
1298 304 1412 344 dicit.

332 380 494 421 acribus
518 381 725 434 exemplis
749 380 894 420 uideor
918 384 960 420 te
984 380 1185 421 cludere?
1253 380 1381 420 misce

333 468 431 510 ergo
455 455 620 509 aliquid
645 456 799 496 nostris
823 455 873 495 de
898 455 1096 502 moribus,
1121 455 1235 496 effice
1259 467 1471 496 summam

331 529 399 570 bis
423 534 585 584 septem
610 530 831 571 ordinibus
857 544 986 584 quam
1011 530 1079 570 lex
1104 530 1309 585 dignatur
1334 529 1526 570 Othonis.

330 605 432 646 haec
455 618 622 659 quoque
646 605 682 645 si
705 618 854 659 rugam
879 605 1014 646 trahit
1038 605 1316 660 extenditque
1341 604 1555 653 labellum,

333 693 452 721 sume
478 680 582 721 duos
606 680 782 734 equites,
806 679 872 720 fac
897 681 1022 720 tertia
1047 680 1369 734 quadringenta.

332 755 368 795 si
393 755 583 795 nondum
608 755 771 809 inpleui
794 755 1018 809 gremium,
1043 756 1078 795 si
1101 755 1308 808 panditur
1331 755 1454 803 ultra,

332 843 409 871 nec
436 829 581 871 Croesi
606 830 780 871 fortuna
801 843 1004 883 umquam
1028 843 1103 870 nec
1130 830 1297 871 Persica
1321 844 1448 885 regna

332 905 545 946 sufficient
569 906 712 946 animo
737 917 811 945 nec
836 905 1014 946 diuitiae
1039 905 1238 954 Narcissi,

330 980 515 1021 indulsit
540 980 696 1021 Caesar
718 980 789 1021 cui
815 980 1020 1021 Claudius
1044 981 1199 1029 omnia,
1221 981 1343 1021 cuius

332 1056 478 1110 paruit
503 1055 695 1109 imperiis
721 1068 894 1095 uxorem
921 1055 1106 1096 occidere
1131 1056 1284 1097 iussus.

810 1283 1013 1319 SATVRA
1042 1284 1113 1319 XV

330 1391 438 1442 Quis
461 1391 608 1440 nescit,
634 1391 786 1431 Volusi
812 1391 1052 1446 Bithynice,
1077 1392 1219 1446 qualia
1244 1392 1418 1434 demens

329 1468 551 1521 Aegyptos
574 1470 775 1520 portenta
799 1466 944 1507 colat?
1012 1467 1252 1508 crocodilon
1276 1468 1422 1509 adorat

330 1555 426 1596 pars
450 1541 563 1590 haec,
587 1540 663 1581 illa
686 1546 818 1594 pauet
843 1546 1032 1582 saturam
1056 1543 1323 1596 serpentibus
1348 1544 1446 1584 ibin.

330 1617 490 1671 effigies
513 1616 620 1657 sacri
645 1616 757 1656 nitet
782 1630 907 1657 aurea
931 1617 1221 1671 cercopitheci,

329 1691 508 1733 dimidio
532 1691 719 1745 magicae
743 1696 944 1732 resonant
969 1692 1043 1732 ubi
1067 1692 1296 1734 Memnone
1321 1693 1496 1734 chordae

328 1772 458 1821 atque
482 1770 607 1807 uetus
633 1766 771 1806 Thebe
795 1770 969 1806 centum
993 1767 1103 1807 iacet
1127 1767 1280 1809 obruta
1303 1769 1449 1822 portis.

329 1842 422 1883 illic
445 1841 621 1889 aeluros,
646 1841 716 1882 hic
739 1841 897 1894 piscem
921 1841 1122 1891 fluminis,
1145 1843 1235 1883 illic

329 1917 484 1972 oppida
508 1920 599 1957 tota
624 1930 770 1956 canem
794 1922 1068 1965 uenerantur,
1092 1931 1216 1958 nemo
1242 1919 1440 1960 Dianam.

328 2006 504 2048 porrum
527 1996 571 2032 et
595 2005 720 2045 caepe
744 1991 863 2031 nefas
887 1992 1048 2032 uiolare
1073 1997 1116 2033 et
1140 1993 1335 2047 frangere
1360 2008 1529 2044 morsu3

326 2083 349 2110 o
374 2071 543 2109 sanctas
567 2071 725 2121 genteS,
749 2067 903 2120 quibus
927 2067 1030 2108 haec
1054 2072 1289 2109 nascuntur
1312 2069 1359 2109 in
1384 2070 1520 2110 hortis

328 2143 531 2184 numina!
599 2141 758 2182 lanatis
782 2141 1041 2182 animalibus
1065 2142 1254 2183 abstinet
1278 2144 1417 2185 omnis

328 2231 487 2267 mensa,
511 2216 629 2257 nefas
653 2216 744 2256 illic
769 2215 905 2256 fetum
931 2217 1123 2271 iugulare
1148 2218 1345 2271 capellae,

328 2292 524 2334 carnibus
549 2291 751 2331 humanis
775 2291 889 2331 uesci
915 2291 1025 2332 licet.
1096 2293 1285 2334 attonito
1310 2307 1408 2334 cum

256 2393 319 2421 323
335 2388 457 2429 incipit
473 2386 555 2419 Bob.

258 2471 277 2498 2
304 2467 486 2506 Aegyptos
513 2465 539 2496 P
567 2463 663 2503 (item
695 2465 735 2494 45
766 2465 833 2502 PU,
864 2465 925 2495 116
953 2465 1062 2503 Pom,
1088 2466 1272 2505 Aegyptus
1300 2466 1382 2498 Bob.
1414 2466 1451 2499 Ψ

191 2518 379 2551 dimidium
395 2518 507 2556 Zeyunt
523 2514 687 2547 scholium
706 2515 868 2546 Bobiense

1635 111 1724 152 135

1539 2473 1558 2500 5
1585 2469 1726 2509 quidam

955 2524 1137 2548 memnone
1154 2515 1200 2556 Ψ,
1217 2526 1403 2550 memnona
1419 2519 1515 2558 Bob.‚
1532 2522 1727 2552 memnonie

192 2570 228 2610 P,
248 2568 338 2600 unde
362 2568 532 2599 Memnoni
554 2567 656 2598 nimis
680 2566 878 2597 Graecanice
898 2566 1039 2598 Duffius.
1089 2567 1130 2598 de
1146 2567 1298 2600 ablatiuo
1314 2569 1391 2601 uide
1408 2570 1506 2613 Verg.
1528 2571 1602 2603 buc.
1624 2580 1668 2603 111
1687 2573 1726 2604 39

191 2621 330 2661 dvffusos
366 2620 487 2651 hedera
518 2619 666 2659 pallente
703 2619 864 2658 corymbos
902 2618 1092 2660 similiaque

1202 2625 1221 2652 7
1260 2622 1333 2653 illic
1370 2623 1510 2654 aeluros
1549 2623 1726 2663 Brodaeus,

191 2673 388 2705 iujcelu÷÷÷÷s
412 2672 443 2703 U
467 2671 499 2710 (e
522 2670 558 2701 in
581 2679 602 2701 0
625 2672 758 2701 mutato
783 2673 816 2701 et
839 2679 939 2710 supra
963 2670 1086 2712 scripto
1110 2674 1304 2711 serpentes,
1331 2675 1371 2705 ut
1394 2677 1558 2706 corrector
1581 2674 1727 2706 uoluisse

191 2723 350 2755 uideatur
365 2722 538 2761 colubras),
555 2722 791 2753 illicaeruleos
811 2722 859 2760 (et
876 2721 911 2752 in
929 2721 994 2752 fine
1009 2731 1126 2753 uersus
1141 2724 1208 2762 illi)
1226 2724 1261 2763 P,
1281 2725 1354 2756 illic
1370 2726 1549 2758 caeruleos
1574 2726 1652 2758 Bob.
1674 2725 1721 2766 Ψ,

191 2774 282 2807 unde
296 2774 458 2816 glossaria
481 2773 650 2804 caeruleus
666 2773 765 2803 bestia
781 2774 920 2804 marina
936 2773 1085 2804 hausisse
1109 2775 1243 2806 monuit
1260 2775 1406 2818 Scaliger

194 2825 275 2858 Bob.
306 2826 374 2864 ΡΑ,
405 2833 447 2857 ac
468 2823 505 2855 Ψ
593 2828 699 2856 10-12
731 2822 850 2855 melius
881 2824 1045 2863 abessent,
1077 2824 1135 2856 sed
1166 2825 1322 2858 imitatur
1353 2838 1407 2860 eos
1438 2827 1594 2860 Sedulius
1622 2838 1724 2860 carm.

193 2876 306 2919 pasch.
323 2884 338 2908 1
354 2875 416 2909 273
434 2886 506 2917 sqq.

1493 2781 1511 2809 9
1529 2779 1566 2809 et
1582 2776 1726 2809 alterum
