1947 3145
219 110 243 151 5
253 111 277 151 8
817 111 1146 153 IVVENALIS

351 227 513 269 dixerit
537 228 785 282 astrologus,
809 228 982 269 credent
1005 241 1030 268 a
1055 227 1173 268 fonte
1198 228 1381 269 relatum

220 313 280 344 555
351 303 619 352 Hammonis,
644 303 847 356 quoniam
872 302 1052 356 Delphis
1078 303 1247 343 oracula
1271 308 1435 344 cessant

351 382 394 418 et
418 391 552 432 genus
576 378 816 417 humanum
841 376 1018 417 damnat
1043 377 1179 431 caligo
1204 377 1349 418 futuri.

349 452 601 506 praecipuus
624 456 770 492 tamen
794 455 858 492 est
882 451 1049 500 horum,
1072 452 1147 505 qui
1170 453 1337 505 saepius
1361 452 1468 493 exul.

416 527 535 568 cuius
559 526 750 566 amicitia
774 525 1129 580 conducendaque
1154 527 1311 567 tabella

416 614 597 656 magnus
621 601 728 641 ciuis
753 601 845 641 obit
869 605 911 641 et
936 601 1193 642 formidatus
1218 601 1391 643 Othoni.

216 688 279 719 560
349 676 449 717 inde
474 676 578 716 fides
603 676 720 724 artis,
745 676 891 717 sonuit
916 676 951 716 si
976 676 1152 717 dextera
1177 677 1286 717 ferro

350 751 568 805 laeuaque,
592 751 630 791 si
653 751 778 805 longe
803 756 1037 792 castrorum
1062 752 1108 791 in
1132 765 1297 792 carcere
1321 752 1491 793 mansit.

350 840 475 867 nemo
500 826 834 867 mathematicus
858 827 1031 881 genium
1056 827 1333 868 indemnatus
1358 828 1545 875 habebit,

350 901 422 942 sed
446 901 521 955 qui
545 914 677 955 paene
702 902 827 955 perit,
852 902 921 942 cui
946 902 1021 941 uix
1046 902 1091 942 in
1118 901 1303 956 Cyclada
1327 903 1448 944 mitti

349 976 534 1030 contigit
557 980 600 1016 et
624 990 759 1030 parua
784 976 958 1017 tandem
983 977 1167 1017 caruisse
1192 976 1382 1030 Seripho.

216 1062 280 1093 565
349 1050 535 1092 consulit
560 1051 757 1092 ictericae
782 1051 899 1092 lento
924 1052 973 1092 de
999 1051 1148 1092 funere
1173 1053 1335 1101 matris,

350 1130 450 1167 ante
475 1131 620 1167 tamen
644 1126 695 1167 de
720 1131 763 1167 te
787 1127 1000 1181 Tanaquil
1026 1132 1126 1178 tua3
1162 1127 1330 1181 quando
1355 1141 1539 1169 sororem

349 1202 496 1242 efferat
521 1206 564 1242 et
588 1206 772 1256 patruos,
796 1216 851 1242 an
875 1203 932 1243 sit
956 1202 1152 1243 uicturus
1176 1203 1346 1243 adulter

349 1281 445 1331 post
469 1278 618 1330 ipsam,
643 1277 747 1332 quid
772 1278 887 1318 enim
913 1278 1052 1318 maius
1077 1278 1177 1319 dare
1202 1279 1382 1319 numina
1405 1280 1617 1332 possunt?

351 1353 454 1393 haec
479 1357 623 1393 tamen
649 1353 820 1407 ignorat
845 1353 947 1407 quid
972 1353 1090 1393 sidus
1114 1354 1238 1394 triste
1263 1354 1452 1394 minetur

216 1436 279 1470 570
350 1428 540 1476 Saturni,
564 1442 649 1481 quo
673 1428 786 1469 laeta
811 1429 958 1469 Venus
984 1442 1026 1469 se
1051 1429 1238 1482 proferat
1262 1434 1388 1477 astro,

351 1503 445 1556 quis
468 1503 628 1544 mensis
652 1503 832 1552 damnis,
856 1518 964 1557 quae
989 1503 1145 1544 dentur
1170 1508 1361 1558 tempora
1385 1504 1524 1545 lucro:

351 1578 471 1619 illius
496 1591 692 1619 occursus
716 1579 849 1618 etiam
873 1579 1012 1619 uitare
1037 1584 1250 1619 memento

351 1654 397 1693 in
421 1653 544 1694 cuius
568 1654 769 1694 manibus
792 1667 868 1694 ceu
893 1654 1073 1708 pinguia
1098 1655 1245 1701 sucina
1269 1655 1396 1695 tritas

350 1729 489 1769 cernis
513 1729 818 1783 ephemeridas,
844 1743 952 1782 quae
976 1729 1145 1769 nullum
1170 1730 1359 1770 consulit
1382 1733 1425 1770 et
1450 1729 1535 1769 iam

218 1813 280 1846 575
351 1804 605 1853 consulitur,
629 1818 735 1858 quae
760 1809 900 1846 castra
925 1805 1016 1845 uiro
1040 1805 1312 1859 patriamque
1336 1809 1509 1859 petente

354 1894 440 1920 non
466 1880 547 1920 ibit
571 1880 733 1934 pariter
758 1881 948 1921 numeris
971 1886 1168 1921 reuocata
1193 1881 1418 1935 Thrasylli.

352 1955 406 1995 ad
431 1956 621 2008 primum
645 1955 835 2009 lapidem
860 1956 1024 1996 uectari
1048 1969 1146 1996 cum
1171 1955 1322 2009 placet,
1348 1956 1452 1996 hora

354 2030 540 2071 sumitur
563 2043 615 2071 ex
640 2030 776 2081 libro,
813 2031 849 2071 si
873 2032 1015 2084 prurit
1040 2031 1193 2071 frictus
1218 2031 1339 2072 ocelli

353 2105 548 2159 angulus,
572 2105 766 2159 inspecta
791 2106 935 2160 genesi
960 2106 1138 2160 collyria
1162 2106 1325 2159 poscit,

219 2190 283 2223 580
352 2194 479 2235 aegra
503 2181 604 2222 licet
627 2181 775 2230 iaceat,
800 2181 1006 2235 capiendo
1030 2181 1150 2221 nulla
1175 2181 1349 2222 uidetur

354 2255 494 2309 aptior
518 2256 622 2296 hora
646 2256 740 2297 cibo
764 2257 850 2297 nisi
875 2271 1003 2310 quam
1030 2256 1192 2297 dederit
1217 2256 1431 2297 Petosiris.

284 2354 348 2382 554
371 2351 470 2383 fonte
493 2352 518 2382 F
541 2351 675 2393 aliique,
696 2351 800 2383 schol.
822 2352 907 2384 Stat.
928 2352 1031 2384 Theb.
1054 2361 1098 2383 111
1124 2353 1195 2389 476,
1214 2353 1331 2384 fronte
1354 2351 1428 2391 ΡΨ,
1446 2351 1524 2383 uide
1545 2351 1630 2383 Stat.
1651 2349 1755 2382 Theb.

218 2410 292 2434 v111
317 2403 376 2433 201
402 2404 563 2442 corm'yeri
586 2405 677 2435 uatis
699 2414 811 2435 nemus
899 2408 960 2436 558
985 2406 1019 2436 et
1043 2409 1104 2436 559
1129 2415 1192 2436 om.
1215 2405 1298 2436 PFG
1320 2414 1428 2446 neque
1451 2403 1693 2445 interpretatur
1716 2400 1753 2441 Σ,

219 2453 278 2486 sed
305 2452 382 2485 uide
413 2454 449 2485 G.
460 2454 544 2486 L.K.
572 2464 627 2486 VII
663 2466 694 2497 p.
731 2458 792 2487 544
815 2456 1043 2495 formidatam
1073 2456 1237 2495 tabellam,
1268 2458 1432 2496 pinacem.
1490 2454 1661 2486 quenalis
1691 2464 1759 2485 esse

220 2504 382 2537 uidentur
404 2504 462 2536 sed
484 2505 592 2537 alieno
614 2506 685 2538 loco
703 2507 806 2548 positi
894 2512 956 2539 560
974 2508 1064 2539 artis
1080 2508 1207 2546 PAGO,
1229 2509 1302 2539 arti
1317 2508 1432 2539 FLTU
1519 2510 1581 2537 561
1605 2506 1707 2544 longe
1732 2506 1759 2537 Ο

219 2556 308 2589 sicut
339 2556 524 2588 coniecerat
556 2556 787 2597 Buechelems,
815 2560 921 2598 longa
947 2560 982 2597 P,
1012 2560 1115 2598 longo
1138 2558 1185 2590 Ψ.
1237 2560 1335 2599 lonae,
1364 2558 1433 2597 diu,
1461 2560 1501 2589 ut
1523 2566 1578 2588 VII
1605 2558 1642 2587 41
1669 2557 1759 2596 longle

212 2609 349 2650 ferrata
437 2612 499 2640 565
521 2609 710 2640 hictericae
732 2609 799 2649 (uel
826 2612 890 2649 -ce)
915 2612 1014 2649 AGT,
1042 2612 1217 2643 hecterice
1238 2612 1279 2650 U,
1305 2611 1362 2642 hic
1388 2610 1539 2642 tetricae
1562 2609 1652 2645 PFO,
1673 2609 1759 2639 haec

219 2661 347 2693 tetrice
370 2660 396 2691 L
494 2664 556 2691 569
587 2661 673 2691 haec
699 2685 706 2692 .
735 2685 741 2692 .
770 2686 777 2692 .
806 2662 948 2700 ignorat
976 2663 1102 2701 GLOU,
1130 2663 1215 2694 haee
1241 2686 1248 2694 .
1277 2686 1284 2694 .
1314 2686 1320 2693 .
1349 2663 1514 2701 ignorant
1541 2661 1568 2692 Τ
1596 2659 1759 2701 probante

221 2710 416 2750 Ribbeekio,
436 2720 500 2743 nec
525 2735 532 2743 .
561 2735 568 2743 .
596 2735 603 2742 .
631 2713 773 2751 ignorat
789 2714 829 2752 A,
849 2723 912 2745 nec
936 2738 943 2744 .
973 2738 979 2744 .
1008 2737 1015 2745 .
1044 2715 1210 2753 ignorant
1227 2715 1262 2752 P,
1283 2715 1340 2745 hic
1364 2737 1371 2744 .
1397 2737 1404 2744 .
1429 2736 1437 2744 .
1460 2713 1626 2752 ignorant
1642 2711 1676 2749 F,
1696 2720 1760 2742 nee

220 2763 324 2795 habet
340 2764 373 2802 S,
394 2766 428 2794 et
444 2764 575 2803 iynorat
599 2766 633 2794 et
655 2764 811 2803 iqnorant
835 2764 1077 2806 interpretatur
1093 2764 1122 2796 Σ
1211 2770 1272 2797 571
1297 2767 1376 2805 quis
1395 2765 1463 2802 PU,
1484 2765 1545 2804 qui
1561 2761 1608 2801 Ψ,
1629 2764 1714 2803 quid
1731 2763 1760 2794 G

307 2816 441 2846 dantur
455 2816 669 2854 temporalia
684 2816 783 2847 lucra
799 2817 824 2848 P
913 2821 975 2848 575
992 2820 1136 2857 petente
1154 2818 1280 2855 PAGT,
1301 2817 1439 2856 petenti
1455 2816 1545 2853 FLO,
1566 2815 1704 2855 potenti
1728 2815 1759 2846 U

308 2871 370 2899 579
387 2868 502 2906 poscit
517 2865 564 2905 Ψ,
585 2869 736 2906 poscunt
752 2868 778 2899 P
