1947 3145
815 105 1048 146 SATVRA
1086 106 1107 145 I
1699 107 1722 148 5

328 222 523 276 sportula
547 222 650 276 quid
674 222 840 271 referat,
865 228 1075 277 quantum
1100 223 1339 264 rationibus
1362 223 1505 272 addat,

329 297 437 351 quid
461 296 621 337 facient
645 297 822 338 comites
846 298 1004 351 quibus
1028 298 1130 339 hinc
1155 303 1266 352 toga,
1291 298 1456 339 calceus
1481 298 1583 340 hinc
1606 303 1671 339 est

195 381 257 413 120
326 376 370 413 et
392 372 516 425 panis
540 371 768 425 fumusque
794 372 937 413 domi?
1006 372 1256 413 densissima
1280 378 1453 414 centum

329 446 589 500 quadrantes
613 446 764 487 lectica
788 447 910 500 petit,
935 448 1209 502 sequiturque
1233 449 1441 489 maritum

328 520 533 576 languida
557 521 626 562 uel
650 535 856 577 praegnas
881 527 924 563 et
949 523 1284 564 circumducitur
1309 537 1424 565 uxor.

328 597 399 637 hic
422 597 533 651 petit
557 596 724 638 absenti
749 602 851 638 nota
876 598 961 638 iam
985 598 1165 639 callidus
1190 604 1282 640 arte

327 672 553 713 ostendens
579 686 758 713 uacuam
784 678 826 713 et
851 673 1038 714 clausam
1063 688 1137 727 pro
1161 675 1339 729 coniuge
1364 674 1524 715 sellam.

194 756 255 787 125
325 752 334 766 ‘
355 746 481 788 Galla
504 761 597 788 mea
622 747 708 797 est,'
734 748 888 802 inquit,
913 749 1064 789 ‘citius
1090 749 1273 791 dimitte.
1345 749 1553 791 moraris?

321 821 474 875 profer,
501 822 636 871 Galla,
655 828 794 877 caput.
864 823 952 863 noli
980 837 1144 873 nexare,
1168 825 1380 878 quiescet’

393 897 486 950 ipse
511 897 600 938 dies
624 898 804 951 pulchro
829 898 1112 953 distinguitur
1136 899 1281 939 ordine
1306 913 1474 940 rerum:

327 972 532 1026 sportula,
557 973 708 1013 deinde
733 973 869 1014 forum
894 974 1085 1027 iurisque
1110 975 1274 1028 peritus
1297 975 1454 1028 Apollo

326 1052 457 1101 atque
482 1048 777 1102 triumphales,
802 1049 915 1089 inter
939 1063 1046 1102 quas
1070 1062 1197 1090 ausus
1222 1050 1377 1091 habere

194 1132 255 1164 130
325 1123 466 1163 nescio
490 1123 587 1177 quis
612 1123 765 1164 titulos
789 1124 1035 1178 Aegyptius
1059 1129 1189 1179 atque
1213 1125 1491 1175 Arabarches,

326 1199 447 1239 cuius
471 1198 525 1238 ad
549 1198 731 1253 effigiem
756 1213 840 1239 non
866 1204 1037 1240 tautum
1063 1200 1230 1241 meiiere
1256 1201 1318 1240 fas
1343 1205 1420 1242 est.

377 1295 406 1323 a<
645 1295 674 1323 ³4<
913 1296 941 1324 24<
1181 1298 1209 1325 4
1449 1298 1477 1326 ἧς

324 1366 555 1407 uestibulis
579 1366 739 1407 abeunt
767 1371 928 1408 ueteres
953 1367 1135 1421 lassique
1160 1368 1336 1409 clientes

325 1446 512 1495 uotaque
537 1441 771 1496 deponunt,
795 1455 1057 1495 quamquam
1082 1443 1330 1498 longissima
1355 1457 1480 1484 cenae

325 1530 419 1570 spes
444 1516 637 1567 homini3
673 1517 808 1558 caulis
834 1517 999 1558 miseris
1023 1523 1154 1572 atque
1178 1519 1290 1573 ignis
1315 1519 1529 1560 emendus.

192 1601 253 1633 135
323 1593 488 1646 optima
512 1592 722 1633 siluarum
746 1593 908 1633 interea
933 1593 1157 1647 pelagique
1182 1594 1352 1635 uorabit

323 1680 398 1708 rex
423 1667 577 1708 horum
602 1668 831 1721 uacuisque
857 1668 962 1708 toris
989 1673 1164 1708 tantum
1190 1669 1279 1722 ipse
1304 1669 1468 1710 iacebit.

323 1757 425 1783 nam
449 1743 499 1784 de
525 1747 592 1784 tot
616 1743 808 1797 pulchris
833 1748 878 1784 et
904 1743 1004 1784 latis
1030 1744 1202 1784 orbibus
1226 1749 1269 1785 et
1295 1749 1384 1785 tam

322 1819 516 1872 antiquis
540 1833 626 1859 una
650 1818 879 1859 comedunt
904 1819 1163 1872 patrimonia
1188 1833 1343 1860 mensa.

322 1894 469 1935 nullus
493 1895 579 1935 iam
604 1895 819 1948 parasitus
844 1894 935 1935 erit.
1007 1894 1078 1935 sed
1103 1896 1200 1948 quis
1224 1895 1334 1936 ferat
1359 1896 1466 1937 istas

189 1978 251 2010 140
321 1969 516 2010 luxuriae
540 1969 712 2010 sordes?
781 1973 944 2022 quanta
969 1974 1033 2009 est
1058 1969 1159 2023 gula
1183 1983 1290 2023 quae
1316 1970 1397 2010 sibi
1422 1975 1533 2012 totos

321 2045 447 2098 ponit
471 2058 607 2098 apros,
631 2045 793 2085 animal
818 2050 991 2099 propter
1014 2045 1216 2085 conuiuia
1241 2049 1422 2086 natum}

322 2133 457 2173 poena
482 2125 627 2160 tamen
652 2133 861 2173 praesens,
886 2133 981 2160 cum
1007 2124 1055 2160 tu
1081 2120 1256 2173 deponis
1279 2121 1460 2162 amictus

321 2194 521 2249 turgidus
545 2199 588 2235 et
613 2194 791 2235 crudum
816 2208 1024 2248 pauonem
1050 2195 1095 2234 in
1120 2195 1272 2236 balnea
1296 2201 1452 2248 portas.

251 2361 313 2389 126
337 2358 519 2397 quiescaet
542 2357 577 2395 P,
605 2357 757 2396 quiescit
781 2355 882 2387 Vind.
904 2354 941 2387 Ψ
1030 2360 1092 2388 131
1115 2357 1244 2388 meiere
1268 2356 1370 2389 Vind.
1398 2356 1435 2388 Ψ
1460 2357 1560 2389 Prisc.
1589 2357 1719 2390 G.L.K.

185 2417 213 2441 11
247 2419 278 2450 p.
314 2409 387 2448 495,
420 2408 593 2450 Eutyches
626 2408 671 2440 ib.
706 2416 731 2439 v
762 2417 793 2449 p.
830 2407 901 2446 476,
937 2416 1099 2447 mengere
1130 2409 1156 2440 P
1187 2408 1369 2440 conflatum
1407 2419 1447 2440 ex
1484 2419 1610 2441 manere
1647 2409 1724 2449 (hoc

184 2464 236 2493 est
257 2462 398 2500 meiiere,
426 2459 503 2491 uide
536 2468 580 2491 111
607 2461 678 2499 185,
710 2468 767 2491 vn
800 2459 854 2498 80)
886 2461 920 2491 et
949 2469 1070 2499 meyere
1101 2459 1177 2498 (hoc
1208 2462 1259 2492 est
1288 2461 1429 2500 meiere),
1463 2462 1621 2502 mingere
1648 2461 1719 2493 cod.

185 2522 270 2544 mus.
299 2511 384 2544 Brit.
412 2513 516 2543 30861
546 2511 679 2553 aliique,
707 2510 798 2553 quod
822 2511 976 2552 imperite
1003 2514 1174 2552 arreptum
1197 2511 1270 2543 uidi
1402 2513 1491 2545 inter
1514 2517 1576 2546 131
1601 2515 1635 2545 et
1660 2517 1722 2546 132

184 2563 346 2596 excidisse
361 2573 477 2595 uersus
491 2562 623 2604 aliquot
637 2562 696 2604 qui
712 2562 864 2593 ordinem
879 2572 994 2593 rerum
1009 2563 1170 2603 persecuti
1192 2563 1263 2594 sint
1278 2565 1312 2595 et
1327 2563 1466 2596 clientes
1485 2574 1560 2596 cum
1580 2567 1722 2606 patrono

183 2615 227 2647 ad
250 2615 416 2648 uestibula
438 2614 635 2646 reduxerint
656 2613 873 2645 manifestum
901 2616 962 2645 est.
1012 2613 1256 2654 Hirschfeldus,
1284 2615 1344 2657 qui
1367 2615 1457 2647 solus
1480 2615 1534 2647 hic
1558 2615 1718 2655 attendit,

169 2667 332 2700 *127-131
351 2669 428 2709 post
444 2675 489 2698 111
508 2668 570 2697 130
587 2665 730 2704 traiecit,
750 2665 809 2697 ubi
825 2665 913 2696 nihil
929 2668 1045 2707 agunt.
1091 2668 1238 2698 ceterum
1260 2666 1536 2699 Friedlaenderus
1558 2678 1588 2709 p.
1610 2669 1651 2699 56
1667 2667 1718 2699 ed.

183 2729 262 2751 suae
284 2720 324 2751 in
345 2720 404 2750 der
424 2718 510 2750 Thac
537 2717 651 2759 inquit
671 2717 754 2757 qiebt
777 2727 808 2748 es
830 2740 837 2748 .
865 2740 873 2748 .
903 2741 910 2749 .
938 2718 988 2748 im
1014 2717 1093 2749 Teaet
1115 2718 1169 2749 des
1191 2718 1338 2750 Juvenal
1362 2743 1368 2751 .
1397 2743 1404 2751 .
1433 2743 1440 2751 .
1468 2719 1561 2750 keine
1577 2719 1718 2758 Libcloen,

183 2769 310 2810 diuino,
329 2772 370 2802 ut
386 2770 513 2812 opinor,
534 2769 701 2801 instinctu
716 2768 932 2807 uaticinatus,
953 2778 1032 2800 nam
1048 2769 1212 2801 rationem
1232 2780 1300 2801 non
1322 2770 1443 2802 attulit
1532 2775 1595 2802 134
1611 2771 1724 2802 caulis

182 2822 209 2854 P
232 2821 349 2862 vind„
377 2822 498 2854 caules
521 2820 559 2852 Ψ
647 2825 710 2853 143
733 2821 882 2852 crudum
905 2819 1008 2852 vind.
1037 2818 1075 2851 Ψ
1099 2820 1226 2854 Phocas
1250 2821 1379 2854 G.L.K.
1408 2831 1432 2854 v
1456 2833 1486 2864 p.
1516 2824 1587 2862 426,
1616 2821 1718 2853 schol.

182 2872 287 2906 Persii
303 2882 349 2905 111
367 2875 417 2913 98,
439 2874 568 2906 crudus
585 2873 611 2904 P
628 2872 729 2904 Paris.
748 2873 831 2904 9345
