1947 3145
715 703 892 744 LIBER
940 703 1201 753 QVINTVS

786 869 992 905 SATVRA
1030 870 1087 904 XI
1094 870 1111 904 I
1118 870 1135 904 Ι

329 976 538 1030 Exemplo
562 977 858 1032 quodcumque
884 979 995 1020 malo
1019 979 1324 1028 committitur,
1348 980 1432 1034 ipsi

328 1052 526 1106 displicet
550 1054 726 1094 auctori.
797 1055 937 1108 prima
962 1060 1027 1096 est
1053 1056 1157 1096 haec
1181 1055 1304 1105 ultio,
1329 1056 1442 1110 quod
1467 1069 1511 1097 se

328 1128 469 1169 iudice
492 1142 617 1169 nemo
642 1143 798 1170 nocens
821 1130 1072 1179 absoluitur‚
1096 1131 1290 1185 improba
1315 1131 1517 1185 quamuis

328 1203 469 1258 gratia
493 1203 635 1244 fallaci
659 1205 867 1258 praetoris
891 1205 1046 1247 uicerit
1070 1219 1189 1247 urna.

236 1289 255 1320 5
325 1278 430 1333 quid
453 1279 610 1320 sentire
634 1284 761 1333 putas
786 1280 992 1329 homines,
1018 1281 1210 1331 Caluine‚
1234 1282 1394 1323 recenti

328 1354 380 1395 de
404 1354 558 1396 scelere
581 1359 625 1396 et
650 1354 749 1396 fidei
773 1356 957 1397 uiolatae
982 1356 1191 1397 crimine?
1262 1357 1334 1398 sed
1358 1371 1434 1398 nec

328 1434 419 1471 tam
443 1430 586 1471 tenuis
610 1444 758 1471 census
784 1431 866 1472 tibi
890 1431 1084 1486 contigit,
1108 1437 1159 1473 ut
1183 1432 1405 1474 mediocris

328 1504 519 1546 iacturae
543 1509 586 1546 te
609 1509 775 1560 mergat
800 1520 915 1555 onus,
940 1520 1016 1547 nec
1042 1521 1136 1547 rara
1160 1507 1360 1549 uidemus

328 1593 436 1634 quae
461 1580 644 1633 pateris:
680 1594 803 1621 casus
827 1581 979 1622 multis
1004 1581 1075 1622 hic
1098 1583 1298 1636 cognitus
1320 1597 1368 1624 ac
1394 1583 1479 1624 iam

216 1665 257 1697 10
327 1655 458 1696 tritus
481 1659 525 1696 et
549 1669 570 1696 e
596 1655 736 1696 medio
760 1656 956 1698 fortunae
980 1657 1134 1698 ductus
1157 1671 1319 1698 aceruo.

327 1743 538 1785 ponamus
562 1731 718 1772 nimios
742 1732 939 1786 gemitus.
1009 1732 1260 1787 flagrantior
1284 1747 1416 1787 aequo

328 1819 415 1846 non
437 1805 562 1847 debet
587 1806 706 1847 dolor
729 1820 818 1847 esse
843 1807 927 1847 uiri
951 1820 1029 1848 nec
1052 1807 1232 1848 uulnere
1256 1808 1400 1849 maior.

328 1886 379 1923 tu
403 1881 602 1935 quamuis
626 1881 789 1922 leuium
813 1882 1039 1923 minimam
1063 1883 1347 1938 exiguamque
1371 1884 1581 1926 malorum

327 1956 580 2011 particulam
605 1956 680 1997 uix
705 1956 815 1998 ferre
838 1962 958 2011 potes
983 1958 1285 2011 spumantibus
1308 1959 1461 2000 ardens

216 2043 258 2074 15
326 2031 571 2081 uisceribus,
595 2045 764 2073 sacrum
788 2032 872 2073 tibi
896 2032 1010 2086 quod
1033 2047 1119 2074 non
1142 2033 1292 2075 reddat
1317 2034 1481 2076 amicus

327 2107 603 2161 depositum?
672 2111 816 2161 stupet
840 2108 944 2148 haec
968 2108 1043 2162 qui
1067 2108 1154 2149 iam
1176 2114 1273 2162 post
1298 2114 1416 2165 terga
1440 2111 1617 2165 reliquit

326 2181 547 2236 sexaginta
571 2195 706 2223 annos
731 2183 909 2223 Fonteio
933 2183 1103 2224 consule
1127 2186 1287 2225 natus?

325 2271 381 2298 an
405 2257 518 2297 nihil
542 2257 588 2297 in
612 2257 767 2298 melius
793 2262 858 2299 tot
882 2271 1027 2299 rerum
1050 2259 1223 2312 proficis
1246 2262 1356 2301 usu?

324 2346 482 2388 magna
506 2332 691 2386 quidem,
715 2333 843 2374 sacris
868 2347 974 2387 quae
1000 2333 1075 2374 dat
1099 2339 1324 2389 praecepta
1348 2336 1520 2386 libellis,

209 2418 252 2451 20
320 2407 482 2449 uictrix
507 2407 701 2449 fortunae
725 2408 947 2462 sapientia,
971 2408 1169 2450 ducimus
1193 2414 1340 2451 autem

256 2508 319 2536 1-6
331 2503 419 2535 ratio
431 2503 676 2534 sententiarum
687 2502 769 2535 haec
781 2506 833 2534 est
847 2516 854 2535 :
879 2503 939 2545 qui
951 2503 1037 2535 male
1050 2504 1139 2543 fecit,
1156 2515 1190 2536 se
1203 2505 1274 2547 ipse
1286 2505 1456 2548 improbat
1470 2518 1478 2546 3
1498 2507 1608 2540 multo
1620 2509 1727 2551 magis

189 2555 232 2588 ab
248 2554 324 2587 aliis
336 2554 546 2597 improbatur
626 2559 646 2586 4
661 2556 783 2587 fallaci
802 2556 858 2586 PG
873 2554 998 2597 aliique
1013 2557 1048 2587 et
1064 2555 1193 2587 codices
1209 2556 1361 2599 plerique
1378 2557 1487 2590 Seruii
1499 2560 1582 2592 Aen.
1595 2569 1634 2591 V1
1652 2562 1724 2598 431,

189 2609 331 2641 fallacis
351 2605 390 2639 Ψ
477 2607 538 2647 qui
557 2607 733 2646 praetoris
753 2605 849 2638 codd.
873 2605 953 2648 pler.
978 2606 1080 2646 Seru„
1105 2607 1224 2649 opinor
1242 2611 1379 2650 propter
1397 2609 1539 2652 Vergilii
1562 2613 1726 2652 quaesitor

275 2668 368 2692 urna.
383 2659 468 2691 Psu
484 2658 608 2700 aliique
625 2661 659 2690 et
674 2657 769 2690 codd.
784 2658 864 2700 pler.
879 2658 986 2698 Seru„
1002 2668 1129 2691 urnam
1141 2659 1179 2691 Ψ
1267 2665 1286 2692 5
1298 2663 1457 2695 homines
1473 2665 1504 2696 U
1517 2663 1726 2696 vinariensis

190 2710 357 2753 Rupertfi,
372 2719 492 2743 omnes
502 2709 566 2742 ΡΨ
577 2712 707 2751 praeter
717 2720 786 2741 rem
875 2714 915 2742 13
928 2711 1089 2742 laborum
1104 2712 1158 2743 FO
1247 2717 1286 2744 18
1297 2722 1344 2745 an
1354 2713 1456 2753 ΡὸΨ,
1469 2716 1516 2747 ad
1525 2716 1559 2755 F,
1574 2717 1615 2747 at
1625 2716 1682 2748 0¹1·

231 2763 374 2803 proficis
389 2761 438 2801 Ψ,
456 2762 597 2802 proficit
620 2762 646 2793 P
669 2761 793 2803 aliique
817 2763 954 2803 propter
975 2765 1080 2802 stupet
1103 2765 1137 2794 et
1159 2764 1306 2805 reliquit,
1326 2767 1458 2806 proficit
1480 2777 1562 2798 usus
1586 2767 1726 2799 Iahnius

189 2815 364 2856 tamquam
388 2824 428 2845 ex
451 2812 489 2852 Σ,
517 2813 577 2855 qui
604 2814 692 2844 tanti
717 2813 871 2852 temporis
897 2822 978 2844 usus
1000 2823 1066 2845 ozon
1089 2814 1150 2846 tibi
1167 2816 1301 2856 proficit
1326 2816 1431 2849 habet
1519 2822 1559 2851 19
1583 2819 1726 2859 quidem

190 2866 348 2906 PAPGU,
369 2866 531 2906 equidem
547 2865 630 2897 LO'I'

925 2922 988 2954 115
