1947 3145
707 92 941 134 SATVRA
976 91 1097 132 VIII
1609 88 1632 131 7
1641 88 1664 128 5

269 211 406 253 feruet
429 216 473 252 et
497 211 665 251 exultat
690 224 816 251 rauco
841 210 1021 250 uictoria
1045 209 1179 259 circo;

155 297 196 328 60
267 286 423 328 nobilis
446 287 528 335 hic,
551 299 812 340 quocumque
838 286 962 326 uenit
981 285 1030 325 de
1055 284 1258 339 gramine,
1281 282 1403 323 cuius

269 361 383 402 clara
407 361 506 416 fuga
531 365 632 401 ante
656 361 760 401 alios
784 365 827 401 et
851 360 1015 413 primus
1040 359 1085 399 in
1111 371 1291 412 aequore
1316 356 1470 411 puluis.

268 436 340 477 sed
363 436 513 477 uenale
537 449 663 489 pecus
689 435 929 489 Coryphaei
954 435 1184 489 posteritas
1209 437 1251 474 et

270 511 464 566 Hirpini,
488 511 524 552 si
548 524 644 551 rara
669 511 769 564 iugo
795 510 976 550 uictoria
1001 509 1135 559 sedit3

268 586 333 626 nil
356 587 418 627 ibi
442 586 654 627 maiorum
677 589 902 639 respectus,
926 585 1066 639 gratia
1090 584 1210 624 nulla

157 671 198 703 65
267 661 539 712 umbrarum3
577 661 770 702 dominos
793 660 943 714 pretiis
968 664 1133 700 mutare
1158 659 1362 700 iubentur

268 736 435 791 exiguis
459 736 566 777 trito
590 741 633 776 et
658 736 821 776 ducunt
845 735 1055 789 epiraedia
1079 735 1185 775 collo

268 811 514 866 segnipedes
539 811 742 865 dignique
767 811 924 851 molam
948 823 1111 851 uersare
1136 814 1320 863 nepotes.

266 900 366 942 ergo
389 891 439 928 ut
462 887 670 927 miremur
695 891 749 935 te,
774 900 859 927 non
885 891 971 935 tua,
994 886 1167 939 priuum
1191 884 1357 939 aliquid
1381 884 1434 925 da

269 962 382 1017 quod
404 962 564 1017 possim
589 962 731 1003 titulis
755 962 938 1003 incidere
962 966 1127 1015 praeter
1149 962 1328 1001 honores

156 1045 197 1080 70
267 1051 373 1092 quos
397 1037 485 1078 illis
510 1038 660 1078 damus
684 1052 732 1078 ac
756 1037 961 1086 dedimus,
985 1037 1141 1091 quibus
1165 1036 1308 1077 omnia
1332 1035 1464 1076 debes

335 1113 439 1154 haec
464 1113 569 1154 satis
592 1113 646 1153 ad
671 1113 871 1153 iuuenem
896 1126 1023 1166 quem
1048 1112 1168 1152 nobis
1194 1112 1307 1152 fama
1331 1111 1558 1164 superbum

268 1188 404 1229 tradit
427 1192 471 1229 et
495 1188 693 1229 inflatum
717 1188 978 1242 plenumque
1004 1188 1172 1228 Nerone
1196 1186 1461 1240 propinqum

266 1276 386 1304 rarus
409 1263 523 1304 enim
548 1262 678 1303 ferme
703 1276 850 1303 sensus
874 1263 1112 1303 communis
1137 1262 1183 1301 in
1208 1262 1285 1302 illa

266 1338 451 1380 fortuna.
521 1338 593 1378 sed
618 1344 660 1379 te
684 1338 845 1378 censeri
869 1338 995 1378 laude
1021 1342 1205 1385 tuorum,

153 1423 194 1457 75
265 1413 456 1463 Pontice,
479 1413 689 1454 noluerim
714 1413 774 1454 sic
798 1418 848 1454 ut
872 1413 985 1453 nihil
1009 1413 1097 1467 ipse
1122 1413 1293 1453 futurae

265 1488 408 1530 laudis
431 1502 539 1544 agas.
610 1489 815 1529 miserum
840 1493 904 1530 est
928 1489 1114 1530 aliorum
1138 1487 1381 1529 incumbere
1405 1486 1555 1535 famae,

265 1578 318 1606 ne
343 1564 543 1619 conlapsa
567 1569 695 1606 ruant
720 1565 942 1606 subductis
967 1569 1079 1606 tecta
1103 1564 1325 1612 columnis,

263 1646 424 1683 stratus
446 1641 569 1682 humi
592 1642 756 1696 palmes
780 1642 936 1683 uiduas
961 1641 1169 1682 desideret
1194 1641 1343 1682 ulmos.

262 1721 354 1759 esto
377 1717 513 1758 bonus
537 1717 671 1766 miles,
697 1722 816 1759 tutor
839 1718 986 1766 bonus,
1010 1717 1170 1758 arbiter
1195 1716 1308 1757 idem

152 1803 192 1835 80
262 1793 455 1848 integer;
491 1793 716 1847 ambiguae
741 1793 777 1833 si
803 1793 971 1847 quando
995 1793 1179 1833 citabere
1205 1792 1328 1833 testis

263 1868 530 1921 incertaeque
554 1868 628 1917 rei,
653 1868 847 1908 Phalaris
872 1867 972 1908 licet
998 1867 1179 1921 imperet
1202 1871 1252 1907 ut
1276 1866 1334 1907 sis

261 1942 395 1983 falsus
417 1946 462 1983 et
485 1942 656 1983 admoto
681 1943 815 1983 dictet
838 1943 1028 1997 periuria
1052 1948 1184 1991 tauro,

261 2031 478 2058 summum
502 2018 621 2059 crede
645 2018 764 2059 nefas
788 2018 976 2058 animam
1000 2018 1208 2071 praeferre
1235 2016 1385 2070 pudori

261 2097 306 2133 et
329 2096 500 2146 propter
523 2093 662 2134 uitam
687 2093 864 2133 uiuendi
889 2093 1060 2146 perdere
1085 2106 1238 2133 causas.

149 2178 191 2210 85
261 2167 416 2222 dignus
440 2172 576 2209 morte
599 2168 724 2222 perit,
748 2173 869 2209 cenet
893 2168 993 2209 licet
1018 2172 1154 2208 ostrea
1179 2171 1350 2208 centum

263 2242 463 2284 Gaurana
486 2247 529 2284 et
556 2243 697 2284 Cosmi
722 2248 813 2284 toto
838 2249 1056 2298 mergatur
1079 2256 1192 2284 aeno.

260 2322 484 2371 expectata
508 2318 583 2359 diu
610 2319 784 2359 tandem
808 2319 1027 2372 prouincia
1051 2332 1148 2359 cum
1173 2323 1215 2359 te

261 2397 469 2434 rectorem
493 2394 684 2447 accipiet,
707 2407 817 2448 pone
842 2394 927 2434 irae
952 2394 1070 2434 frena
1094 2394 1365 2447 modumque,

189 2501 230 2530 60
252 2497 409 2537 germine
425 2500 503 2529 sunt
526 2499 586 2538 qui
609 2498 717 2537 loyaut
734 2498 833 2529 Valla
921 2503 960 2530 61
985 2499 1105 2539 puluis
1128 2498 1174 2535 Ψ,
1196 2500 1296 2531 cuius
1319 2499 1346 2531 P
1369 2509 1409 2530 ex
1432 2508 1464 2531 u.
1486 2500 1537 2537 60,
1558 2508 1663 2531 curus

123 2558 207 2581 corr.
227 2548 266 2580 in
288 2558 414 2581 cursus
436 2550 468 2581 A
555 2553 595 2581 62
619 2551 808 2589 coryphaei
831 2549 891 2582 EG
907 2553 940 2581 et
956 2561 1006 2581 ex.
1030 2560 1111 2582 corr.
1132 2552 1172 2589 U,
1193 2560 1338 2592 σοι-μεμε
1359 2552 1395 2590 P,
1416 2552 1584 2591 corythae
1601 2549 1663 2591 Ψρ

213 2604 254 2632 66
276 2601 366 2633 trito
382 2602 420 2633 et
436 2600 612 2632 Gothanus
630 2603 648 2632 2
671 2601 835 2643 Rupertii,
857 2605 894 2634 et
908 2603 997 2634 trito
1014 2603 1039 2634 P
1056 2602 1124 2634 flor.
1147 2602 1261 2644 Sang,
1281 2604 1370 2635 trito
1385 2604 1491 2641 AGU,
1505 2604 1663 2643 tritoque

123 2651 217 2690 rho,
239 2653 418 2692 *tritoque
442 2653 479 2691 ¹1¹,
500 2653 658 2693 tritoque
674 2654 824 2685 trahunt
848 2653 917 2685 flor.
947 2653 1098 2685 Parisina
1187 2659 1226 2686 67
1250 2657 1398 2695 nepotes
1420 2655 1447 2686 P
1469 2654 1538 2685 flor.
1561 2654 1660 2695 Sang.

125 2703 224 2742 FGU,
244 2705 386 2744 nepotis
408 2705 526 2736 ALo'r
614 2709 654 2736 68
677 2706 820 2745 priuum
844 2705 1036 2745 Salmasius,
1058 2707 1210 2746 primum
1233 2706 1298 2738 ΡΨ
1387 2711 1428 2738 72
1451 2707 1663 2746 plenumque

123 2752 173 2794 Ψ,
199 2756 407 2796 plerumque
430 2757 483 2788 PF
586 2760 626 2788 78
650 2757 748 2788 humi
771 2756 845 2796 ΡΨ,
873 2759 934 2789 ubi
958 2758 1027 2789 flor.
1056 2758 1156 2800 Sang.
1257 2759 1436 2791 desideret
1462 2759 1550 2791 FGU
1574 2757 1663 2789 siout

124 2805 312 2839 coniecerat
335 2807 467 2845 Remus,
485 2808 666 2840 desiderat
689 2809 842 2847 PALOT,
863 2810 1078 2841 discinderet
1094 2810 1129 2841 in
1147 2820 1250 2851 marg.
1271 2811 1297 2843 P
1312 2809 1368 2842 uel
1383 2819 1407 2851 p
1495 2814 1535 2842 86
1555 2810 1663 2842 cosmi

124 2856 175 2897 Ψ,
197 2867 314 2892 cosmo
337 2860 388 2892 PS
478 2863 519 2892 88
535 2861 688 2900 accipiet
703 2859 751 2899 Ψ,
772 2862 928 2901 accipiat
943 2862 969 2893 P
984 2861 1055 2894 flor.
1077 2861 1175 2904 sang.
1195 2863 1253 2894 AF
