1947 3145
187 121 215 161 4
224 121 247 161 6
786 115 1114 157 IVVENALIS

319 237 552 277 haeremus.
622 235 690 275 dic
714 235 815 288 ipsa.
887 238 895 252 ‘
912 232 1016 273 olim
1041 237 1299 273 conuenerat
1315 233 1324 248 ²
1349 232 1493 286 inquit

319 316 394 352 ‘ut
420 311 575 351 faceres
600 314 649 350 tu
674 309 788 362 quod
813 307 955 355 uelles,
979 320 1056 347 nec
1081 321 1167 347 non
1192 321 1267 361 ego
1290 320 1457 361 possem

319 386 543 440 indulgere
568 385 688 425 mihi.
759 383 915 423 clames
939 382 1041 423 licet
1065 387 1108 423 et
1132 396 1248 423 mare
1273 383 1387 423 caelo

318 461 564 509 confundas,
588 460 714 500 homo
740 457 856 498 sum’
926 457 1039 497 nihil
1063 463 1128 498 est
1151 458 1352 499 audacius
1375 457 1464 499 illis

185 548 248 579 285
319 536 558 590 deprensis3
594 535 703 574 iram
727 537 856 586 atque
881 533 1045 574 animos
1069 546 1093 572 a
1118 533 1297 574 crimine
1321 536 1512 573 sumunt.

383 611 493 651 unde
518 610 621 649 haec
644 613 834 649 monstra
859 612 1017 656 tamen,
1040 608 1112 648 uel
1137 622 1220 661 quo
1240 608 1291 649 de
1316 608 1446 656 sonte,
1469 607 1682 662 requiris?

317 685 564 739 praestabat
588 687 726 723 castas
751 681 930 722 humilis
955 682 1133 722 fortuna
1157 682 1334 723 Latinas

318 759 541 814 quondam,
566 772 643 798 nec
668 757 791 798 uitiis
815 757 1008 811 contingi
1032 771 1167 810 parua
1191 757 1391 798 sinebant]

318 839 429 876 tecta
454 834 574 874 labor
597 833 822 886 somnique
846 832 996 873 breues
1021 836 1064 872 et
1089 832 1242 872 uellere
1268 832 1401 872 Tusco

185 921 247 952 290
317 913 497 950 uexatae
521 909 735 961 duraeque
759 921 911 948 manus
935 921 983 947 ac
1007 907 1226 961 proximus
1250 907 1347 947 urbi

318 983 542 1025 Hannibal
567 989 609 1024 et
629 987 794 1023 stantes
821 982 990 1022 Collina
1015 986 1132 1022 turre
1155 982 1312 1022 mariti.

318 1073 432 1100 nunc
457 1059 647 1113 patimur
672 1058 822 1112 longae
847 1057 964 1111 pacis
989 1057 1112 1106 mala,
1137 1057 1302 1097 saeuior
1324 1057 1454 1098 armis

318 1134 491 1175 luxuria
515 1133 714 1174 incubuit
737 1132 986 1186 uictumque
1011 1131 1234 1172 ulciscitur
1259 1132 1413 1172 orbem.

317 1210 487 1250 nullum
511 1209 671 1249 crimen
696 1208 815 1249 abest
840 1207 1090 1261 facinusque
1114 1207 1323 1256 libidinis,
1346 1220 1398 1247 ex
1424 1221 1508 1261 quo

184 1296 245 1327 295
314 1289 542 1340 paupertas
567 1285 758 1325 Romana
782 1283 904 1337 perit.
976 1283 1078 1323 hinc
1102 1283 1229 1323 fiuxit
1253 1282 1307 1323 ad
1331 1283 1434 1324 istos

317 1365 361 1402 et
385 1360 562 1414 Sybaris
586 1359 719 1407 collis,
744 1359 845 1399 hinc
868 1363 911 1398 et
935 1358 1106 1398 Rhodos
1131 1362 1174 1399 et
1200 1358 1375 1399 Miletos

317 1440 446 1490 atque
471 1439 720 1476 coronatum
744 1438 786 1474 et
812 1433 1010 1487 petulans
1034 1433 1337 1486 madidumque
1362 1433 1607 1474 Tarentum.

318 1511 456 1565 prima
479 1509 724 1564 peregrinos
744 1509 948 1549 obscaena
971 1508 1153 1562 pecunia
1176 1522 1313 1549 mores

316 1586 481 1634 intulit,
505 1589 547 1625 et
571 1584 690 1638 turpi
715 1584 935 1638 fregerunt
959 1583 1126 1624 saecula
1150 1582 1256 1622 luxu

183 1672 244 1703 300
314 1661 494 1702 diuitiae
519 1660 678 1700 molles.
749 1658 853 1712 quid
877 1658 991 1699 enim
1016 1672 1149 1698 uenus
1173 1658 1291 1698 ebria
1314 1660 1468 1699 curat?

316 1736 510 1791 inguinis
533 1740 576 1776 et
601 1734 757 1788 capitis
782 1747 888 1787 quae
915 1733 1003 1774 sint
1029 1733 1278 1773 discrimina
1303 1733 1440 1774 nescit

315 1811 494 1866 grandia
520 1823 626 1864 quae
651 1808 804 1849 mediis
829 1809 914 1848 iam
940 1808 1137 1849 noctibus
1161 1813 1299 1848 ostrea
1323 1808 1499 1858 mordet,

314 1901 414 1927 cuin
438 1885 611 1940 perfusa
637 1898 752 1924 mero
778 1887 978 1937 spumant
1002 1887 1227 1938 unguenta
1253 1883 1445 1932 Falerno,

314 1975 410 2002 011111
436 1961 602 2001 bibitur
626 1960 797 2008 concha,
822 1973 919 1999 cum
944 1959 1030 1998 iam
1055 1958 1268 2013 uertigine
1292 1963 1455 2000 tectum

181 2048 243 2078 305
311 2036 504 2077 ambulat
529 2040 571 2077 et
596 2035 780 2090 geminis
805 2034 999 2088 exsurgit
1024 2047 1167 2074 mensa
1192 2033 1386 2075 lucernis.

314 2113 328 2152 i
353 2125 467 2152 nunc
491 2115 533 2152 et
557 2110 709 2151 dubita
734 2123 818 2163 qua
842 2109 1007 2149 sorbeat
1032 2122 1127 2148 aera
1152 2122 1285 2149 sanna

314 2187 466 2235 Tullia,
485 2186 589 2239 quid
613 2185 728 2226 dicat
753 2189 879 2225 notae
905 2184 1109 2224 collactea
1134 2183 1311 2223 Maurae

313 2263 478 2311 Maura,
502 2261 740 2302 Pudicitiae
765 2265 954 2301 ueterem
979 2274 1077 2300 cum
1102 2260 1309 2313 praeterit
1334 2273 1462 2300 aram.

312 2338 510 2379 noctibus
533 2337 603 2377 hic
627 2341 796 2390 ponunt
820 2336 1003 2384 lecticas,
1028 2335 1284 2375 micturiunt
1309 2335 1379 2375 hic

181 2424 243 2454 310
312 2413 578 2467 effigiemque
603 2411 704 2452 deae
733 2411 872 2465 longis
897 2411 1150 2464 siphonibus
1174 2410 1359 2464 implent

244 2497 306 2525 285
330 2501 352 2524 a
375 2490 412 2523 Ψ
432 2491 582 2523 Gelasius
605 2501 691 2532 papa
715 2491 810 2532 epist.
832 2489 872 2521 de
892 2490 1014 2532 luperc.
1035 2489 1141 2529 Mign.
1163 2489 1282 2531 patrol.
1299 2489 1365 2520 1101.
1383 2498 1446 2520 L1X
1467 2499 1497 2530 p.
1517 2491 1577 2520 114
1595 2498 1623 2528 c,
1640 2499 1704 2520 om.

179 2546 204 2577 P
225 2545 336 2583 Arou„
357 2551 375 2575 e
400 2543 501 2574 Paris.
523 2542 617 2581 7906,
639 2543 789 2582 uiresque
812 2553 833 2573 α
856 2543 995 2573 crimine
1018 2542 1121 2572 sumit
1145 2541 1243 2582 Cypr.
1260 2540 1353 2582 hept.
1373 2551 1446 2581 gen.
1469 2542 1561 2578 1200,
1579 2541 1711 2572 animos

177 2597 216 2628 de
232 2596 369 2628 crimine
385 2597 523 2626 sumunt
540 2594 698 2625 Dracont.
716 2593 805 2624 laud.
821 2592 875 2624 dei
893 2602 936 2624 111
956 2594 1017 2623 462
1034 2595 1066 2623 ct
1084 2592 1190 2623 Orest.
1209 2594 1293 2633 trag.
1311 2594 1373 2623 234
1461 2596 1523 2624 287
1540 2593 1711 2625 seruabat

179 2647 391 2690 Augustinus
407 2646 502 2687 epist.
522 2648 582 2676 138
601 2647 618 2676 3
637 2648 687 2684 16,
708 2645 809 2676 schol.
829 2645 906 2676 Luc.
930 2654 940 2675 1
960 2646 1021 2675 550
1111 2649 1171 2676 288
1193 2645 1357 2675 sinebant
1374 2644 1408 2682 P,
1430 2644 1569 2675 sinebat
1585 2642 1623 2673 Ψ

223 2703 285 2731 295
308 2700 396 2730 istos
419 2699 450 2730 U
475 2697 571 2728 Laur.
594 2706 710 2728 xxxw
735 2699 775 2727 42
800 2697 886 2728 sicut
910 2697 1094 2727 coniecerat
1119 2695 1296 2737 Nogarola,
1320 2696 1428 2727 istros
1444 2694 1490 2732 Ψ,
1511 2696 1644 2727 histros
1668 2696 1706 2732 A,

176 2752 278 2784 indos
303 2751 329 2782 P
353 2750 465 2787 Aron„
485 2750 591 2780 ismos
618 2748 700 2779 Brit.
724 2750 828 2779 15600
916 2748 1004 2779 inter
1029 2752 1090 2779 295
1118 2750 1150 2777 et
1175 2751 1236 2779 296
1256 2745 1416 2777 excidisse
1437 2746 1574 2777 uidetur
1594 2756 1711 2778 uersus

178 2802 271 2834 cuius
297 2800 444 2833 clausula
467 2800 567 2831 fuerit
596 2799 765 2831 Corinthos
854 2803 916 2830 304
946 2800 1079 2830 uertice
1111 2799 1137 2830 P
1162 2799 1262 2829 Arou-
1356 2802 1417 2829 306
1442 2798 1590 2838 inunget
1614 2799 1664 2830 Ps

244 2858 306 2886 307
330 2863 392 2884 0111.
418 2853 443 2884 P
467 2852 567 2882 Aron.
595 2850 729 2891 aliique,
757 2852 833 2890 post
860 2854 922 2881 308
948 2852 1079 2891 ponunt
1105 2849 1328 2891 Gaybacensis
1355 2851 1374 2879 2
1398 2848 1520 2890 aliique
1545 2849 1709 2890 probante

179 2904 361 2946 Maduigio,
382 2902 470 2946 quod
488 2913 602 2934 uerum
620 2901 756 2933 uidetur
