1947 3145
244 90 265 129 1
277 90 300 129 0
308 90 336 130 4
838 87 1164 129 IVVENALIS

373 211 492 261 parte
516 207 618 248 anni
642 207 787 261 quales
811 206 982 246 fuerant
1006 205 1052 245 in
1077 204 1241 245 uitibus
1265 217 1385 253 uuae,

375 282 602 337 Signinum
628 282 882 336 Syriumque
905 280 1061 334 pirum,
1085 280 1136 320 de
1160 279 1354 320 corbibus
1377 278 1510 319 isdem

373 358 539 398 aemula
564 357 730 397 Picenis
754 360 796 396 et
821 355 956 396 odoris
980 355 1091 395 mala
1115 354 1297 395 recentis

263 440 304 473 75
373 445 448 472 nec
472 431 700 472 metuenda
725 430 817 478 tibi,
836 430 1041 470 siccatum
1064 429 1218 483 frigore
1242 432 1468 482 postquam

374 510 634 548 autumnum
658 510 701 545 et
725 505 846 545 crudi
868 517 1045 558 posuere
1069 504 1258 558 pericula
1281 504 1381 544 suci.

376 582 478 622 haec
501 581 604 621 olim
629 580 762 620 nostri
786 580 872 620 iam
895 579 1115 620 luxuriosa
1139 583 1311 619 senatus

374 670 476 697 cena
499 655 594 696 fuit.
666 654 818 695 Curius
841 668 974 708 paruo
999 668 1106 709 quae
1131 654 1289 708 legerat
1312 654 1433 693 horto

375 731 463 785 ipse
487 731 591 771 focis
614 730 810 770 breuibus
833 730 1014 784 ponebat
1038 729 1273 777 holuscula,
1297 741 1403 782 quae
1427 741 1540 768 nunc

264 816 304 847 80
373 805 593 860 squalidus
616 805 662 845 in
686 819 842 860 magna
867 805 1036 846 fastidit
1060 804 1259 858 compede
1283 804 1424 852 fossor,

378 881 453 935 qui
476 880 676 921 meminit
700 880 860 920 calidae
885 880 1024 933 sapiat
1049 879 1153 933 quid
1177 878 1305 919 uolua
1330 878 1521 932 popinae.

378 955 475 996 sicci
500 960 620 1010 terga
644 955 731 996 suis
756 969 850 995 rara
874 955 1105 1008 pendentia
1128 959 1242 994 crate

377 1031 503 1071 moris
528 1035 619 1071 erat
644 1030 859 1084 quondam
884 1030 1004 1071 festis
1028 1043 1190 1070 seruare
1215 1029 1375 1077 diebus,

375 1111 418 1148 et
442 1106 695 1147 natalicium
719 1106 911 1160 cognatis
934 1119 1085 1160 ponere
1109 1105 1275 1145 lardum

267 1191 306 1223 85
376 1181 600 1222 accedente
625 1195 749 1230 noua,
773 1181 808 1222 si
833 1195 961 1235 quam
986 1181 1115 1221 dabat
1139 1180 1292 1228 hostia,
1316 1192 1451 1220 carne.

378 1261 655 1312 cognatorum
679 1257 838 1310 aliquis
858 1256 991 1297 titulo
1015 1261 1080 1296 ter
1103 1255 1290 1296 consulis
1313 1259 1441 1308 atque

379 1340 612 1373 castrorum
636 1332 827 1386 imperiis
851 1335 894 1372 et
919 1331 1136 1372 dictatoris
1160 1332 1316 1371 honore

380 1407 557 1448 functus
581 1407 635 1448 ad
657 1408 733 1447 has
757 1406 904 1461 epulas
929 1406 1054 1447 solito
1078 1406 1289 1446 maturius
1314 1405 1406 1445 ibat

379 1487 567 1523 erectum
591 1482 752 1524 domito
777 1482 958 1523 referens
983 1495 1007 1521 a
1031 1486 1177 1522 monte
1201 1481 1395 1535 ligonem.

266 1567 308 1598 90
377 1571 474 1598 cum
498 1562 724 1599 tremerent
747 1562 891 1597 autem
917 1556 1069 1596 Fabios
1094 1555 1332 1609 durumque
1357 1553 1563 1595 Catonem

381 1636 424 1673 et
449 1632 624 1673 Scauros
649 1636 692 1673 et
717 1631 969 1680 Fabricium,
991 1630 1202 1684 rigidique
1227 1642 1388 1670 seueros

381 1707 564 1748 censoris
588 1720 722 1748 mores
746 1707 878 1747 etiam
902 1705 1058 1760 collega
1083 1705 1267 1754 timeret,

384 1795 506 1823 nemo
530 1782 645 1823 inter
668 1796 787 1823 curas
812 1787 855 1822 et
879 1782 987 1822 seria
1011 1780 1136 1821 duxit
1161 1780 1402 1820 habendum

383 1857 520 1912 qualis
544 1858 590 1897 in
617 1857 773 1898 Oceani
798 1857 931 1898 fluctu
956 1856 1128 1897 testudo
1152 1860 1322 1896 nataret

316 1973 355 2001 81
372 1970 480 2002 uolua
495 1980 536 2001 ex
553 1971 609 2002 PG
692 1974 733 2001 82
751 1972 848 2002 crate
864 1970 993 2007 ALOU,
1013 1970 1116 2009 grate
1132 1969 1269 2000 PSFGT
1351 1971 1392 2000 85
1408 1968 1518 2000 dabat
1534 1967 1664 2006 PAGU,
1681 1967 1785 1999 daret.

251 2021 361 2053 PLOT
468 2030 573 2053 carne
594 2022 660 2060 AL,
682 2030 823 2053 carnem
839 2020 903 2052 ΡΨ
992 2025 1031 2052 91
1056 2021 1244 2052 fabricium
1267 2017 1364 2057 ΡΣΘ,
1383 2018 1600 2051 fabricios&
1701 2018 1787 2058 rigi-

251 2073 356 2113 dique
379 2071 427 2112 Ψ,
453 2075 632 2113 postremo
656 2074 690 2105 P.
752 2072 792 2104 de
816 2073 879 2104 hoc
903 2072 975 2104 loco
999 2071 1071 2103 dixi
1094 2072 1130 2103 in
1154 2071 1360 2113 praefatione
1383 2071 1425 2102 ad
1451 2070 1585 2103 Manilii
1607 2070 1732 2102 librum
1757 2078 1782 2109 1,

252 2134 283 2165 p.
312 2134 402 2155 xxxv
491 2129 531 2156 93
548 2126 642 2157 seria
661 2126 729 2156 sibi
747 2126 850 2156 duxit
868 2125 1067 2156 habendam
1083 2125 1116 2155 P.
1167 2123 1353 2154 habendam
1370 2123 1428 2165 qui
1444 2125 1651 2165 receperunt,
1670 2121 1786 2154 eadem

252 2185 350 2217 opera
379 2176 444 2207 sibi
473 2176 654 2208 adsciscere
685 2175 883 2215 debuerunt,
919 2179 959 2207 ut
990 2175 1135 2207 orationi
1170 2175 1391 2206 conuenirent
1420 2175 1561 2206 numeri.
1626 2174 1787 2206 Latinum

251 2229 303 2258 est
338 2228 432 2266 owstz‘,
466 2229 580 2268 qualis
614 2229 657 2260 sit
692 2229 881 2265 Alai-celius,
914 2227 996 2259 item
1036 2227 1196 2258 Latinum
1227 2227 1313 2257 nosti
1343 2226 1552 2265 Marcellum,
1587 2226 1701 2267 qualis
1730 2226 1782 2266 sit,

252 2277 386 2309 sublato
416 2289 433 2309 e
464 2279 626 2320 pendenti
657 2280 920 2321 interrogatione
948 2278 1108 2317 subiecto,
1139 2281 1178 2309 ut
1209 2278 1303 2309 uerbi
1330 2278 1483 2319 primarii
1510 2278 1679 2310 obiectum
1705 2277 1787 2316 fiat3

252 2330 316 2361 hoc
339 2330 487 2367 tertium,
512 2332 600 2363 inter
621 2333 710 2363 seria
732 2332 813 2363 duco
836 2331 1031 2369 habendam,
1058 2331 1170 2371 qualis
1197 2330 1319 2361 testudo
1342 2332 1439 2367 natet,
1466 2329 1560 2361 cuius
1583 2329 1719 2371 linguae
1741 2328 1787 2360 sit

252 2381 372 2419 nescio,
398 2381 433 2412 in
457 2392 523 2423 quo
547 2393 622 2414 cum
646 2393 714 2414 non
739 2382 964 2424 praecipiatur
987 2381 1241 2413 substantiuum
1267 2380 1324 2412 sed
1347 2391 1407 2412 suo
1434 2380 1506 2412 loco
1529 2383 1685 2423 rectoque
1709 2389 1787 2412 casu

254 2433 401 2475 positum
435 2432 535 2472 adsit,
569 2433 661 2466 deest
696 2435 794 2476 plane
829 2445 895 2476 quo
930 2433 1016 2465 illud
1053 2434 1239 2464 habendam
1273 2433 1444 2464 referatur.
1508 2432 1711 2474 relinquitur
1747 2435 1787 2463 ut

253 2485 367 2524 qualis
392 2484 572 2516 relatiuum
599 2486 653 2524 sit,
682 2485 717 2517 id
745 2485 834 2528 quod
861 2488 974 2527 aperte
1002 2484 1086 2517 dicit
1113 2484 1322 2523 Weidnerus,
1350 2487 1384 2516 et
1410 2484 1516 2515 oratio
1547 2494 1620 2515 eam
1646 2484 1786 2515 formam

254 2535 378 2568 habeat
399 2546 484 2578 quae
507 2538 557 2567 est
580 2536 615 2567 in
640 2536 749 2568 Plaut.
773 2547 858 2568 cure.
885 2538 947 2568 433
975 2537 1080 2575 detur,
1108 2547 1210 2577 quam
1237 2537 1310 2567 istic
1336 2536 1403 2566 emi
1428 2536 1608 2575 uirqinem.
1672 2534 1786 2575 itaque

255 2587 335 2618 haec
351 2587 518 2619 sententia
534 2587 597 2619 erit
612 2600 619 2618 :
644 2599 737 2619 nemo
754 2590 840 2619 inter
855 2589 945 2619 seria
960 2588 1146 2618 habendam
1161 2588 1261 2618 duxit
1276 2587 1472 2618 testudinem
1486 2586 1632 2617 similem
1647 2586 1788 2616 alterius

253 2639 429 2670 testudinis
443 2648 544 2679 quam
560 2639 599 2669 in
617 2638 735 2669 Oceani
744 2639 853 2678 fluctu
869 2642 986 2669 natare
1001 2639 1117 2670 sciebat
1131 2638 1311 2678 putabatua
1400 2642 1441 2670 94
1457 2638 1578 2669 ocean-i
1593 2635 1640 2675 Ψ,
1657 2644 1788 2668 oceano

254 2691 312 2722 ΡΑ
334 2689 469 2732 aliique,
496 2689 586 2731 quod
613 2690 772 2721 mendum
798 2701 830 2722 u.
860 2692 921 2721 113
949 2693 1123 2732 spernunt,
1151 2690 1205 2721 hic
1232 2689 1399 2731 arripiunt
1423 2688 1574 2727 editores,
1603 2687 1788 2720 Pithoeano

254 2741 465 2783 emancipati.
514 2741 641 2772 scilicet
653 2742 732 2782 quia
748 2751 839 2772 mare
856 2742 1001 2774 Oceanus
1016 2741 1206 2783 appellatur
1221 2740 1257 2772 id
1272 2751 1362 2772 mare
1378 2740 1431 2772 cui
1447 2750 1569 2771 nomen
1581 2742 1632 2772 est
1644 2739 1783 2778 Oceano,

255 2796 428 2835 propterea
443 2794 570 2834 fluctus
588 2793 731 2824 Oceanus
752 2792 913 2834 appellari
930 2796 1041 2834 potest
1056 2793 1084 2824 is
1101 2793 1222 2824 fluctus
1239 2793 1297 2834 qui
1320 2792 1356 2823 in
1372 2802 1501 2823 summo
1519 2791 1648 2823 Oceano
1664 2790 1787 2822 excita-

254 2849 318 2876 tur.
353 2845 467 2887 itaque
484 2843 632 2886 posthac,
651 2843 933 2886 quemadmodum
949 2844 1062 2876 urbem
1077 2845 1228 2883 Romam,
1245 2844 1327 2875 item
1339 2843 1472 2875 curiam
1483 2843 1625 2874 Romam
1640 2841 1789 2874 dicemus
