1947 3145
213 83 236 123 1
246 83 270 124 8
810 78 1139 121 IVVENALIS

211 209 272 240 145
342 204 385 241 et
411 203 658 240 nostrorum
681 210 785 245 aras,
810 200 1082 237 contemnere
1106 195 1289 235 fulmina
1313 209 1474 250 pauper

341 274 528 315 creditur
551 277 680 327 atque
704 272 801 312 deos
826 271 892 311 dis
915 271 1233 324 ignoscentibus
1256 271 1371 324 ipsis.

342 349 446 403 quid
470 348 582 403 quod
607 347 833 387 materiam
856 345 1031 399 praebet
1055 358 1282 399 causasque
1307 346 1495 386 iocorum

341 424 539 464 omnibus
562 422 633 463 hic
656 421 780 469 idem,
804 420 840 462 si
864 419 986 460 foeda
1010 424 1053 461 et
1077 420 1204 461 scissa
1227 420 1407 469 lacerna,

341 499 377 540 si
401 503 501 553 toga
525 496 742 538 sordidula
765 500 828 536 est
853 500 897 536 et
920 499 1048 549 rupta
1072 495 1234 537 calceus
1259 495 1368 536 alter

209 583 270 614 150
338 573 449 627 pelle
473 576 604 626 patet,
629 570 701 611 uel
725 570 760 611 si
785 574 963 610 consuto
988 569 1162 610 uolnere
1185 583 1373 611 crassum

341 653 469 701 atque
493 658 637 687 recens
662 645 801 685 linum
825 645 1014 685 ostendit
1038 658 1125 685 non
1150 659 1235 686 una
1259 645 1470 686 cicatrix?

341 722 405 763 nil
429 721 559 762 habet
583 720 737 761 infelix
760 724 990 774 paupertas
1015 720 1161 761 durius
1186 720 1232 760 in
1257 734 1300 761 se

343 810 470 850 quam
495 795 607 849 quod
629 794 833 835 ridiculos
857 794 1052 835 homines
1076 794 1190 835 facit.
1259 800 1281 815 “
1297 795 1454 844 exeat‚”
1478 795 1623 850 inquit

340 872 413 912 “si
437 870 575 925 Pudor
599 874 675 918 est,
700 874 744 910 et
768 869 818 910 de
842 869 1022 923 puluino
1048 874 1196 924 surgat
1220 870 1418 924 equestri,

208 956 268 987 155
337 946 457 987 cuius
480 959 544 986 res
568 945 653 999 legi
676 958 764 984 non
788 944 957 993 sufficit,
982 949 1025 985 et
1050 944 1224 985 sedeant
1247 945 1318 986 hic

339 1021 542 1062 lenonum
565 1020 686 1075 pueri
709 1033 976 1074 quocumque
1000 1032 1052 1059 ex
1077 1019 1238 1061 fornice
1261 1020 1367 1069 nati,

339 1097 409 1138 hic
433 1095 611 1150 plaudat
635 1095 800 1136 nitidus
823 1095 1044 1149 praeconis
1070 1095 1184 1136 filius
1208 1095 1322 1136 inter

338 1171 558 1226 pinnirapi
582 1170 720 1211 cultos
743 1170 922 1211 iuuenes
947 1170 1208 1224 iuuenesque
1233 1170 1416 1212 lanistae
1432 1170 1479 1212 ”t

339 1247 399 1288 sic
423 1246 601 1287 libitum
626 1259 750 1294 uano,
774 1245 848 1299 qui
873 1259 948 1286 nos
973 1245 1188 1295 distinxit,
1214 1246 1388 1287 Othoni.

207 1332 267 1363 160
337 1322 432 1376 quis
456 1334 585 1376 gener
610 1321 679 1362 hic
702 1321 866 1375 placuit
890 1333 1018 1362 censu
1042 1321 1183 1362 minor
1207 1326 1335 1375 atque
1359 1321 1528 1376 puellae

340 1396 567 1438 sarcinulis
591 1397 760 1450 impar?
829 1396 924 1450 quis
949 1409 1109 1450 pauper
1134 1397 1333 1437 scribitur
1356 1398 1509 1438 heres?

340 1470 510 1526 quando
534 1470 582 1511 in
606 1470 783 1511 consilio
808 1474 871 1511 est
896 1469 1141 1511 aedilibus?
1209 1471 1379 1525 agmine
1404 1471 1517 1513 facto

340 1546 572 1588 debuerant
597 1546 700 1586 olim
724 1552 873 1587 tenues
897 1545 1099 1600 migrasse
1125 1546 1324 1596 Quirites.

339 1622 447 1663 haut
472 1621 596 1662 facile
621 1625 861 1676 emergunt,
885 1635 1066 1675 quorum
1091 1622 1326 1663 uirtutibus
1351 1626 1493 1676 opstat

207 1709 267 1740 165
337 1710 402 1738 res
427 1701 609 1751 angusta
633 1696 774 1747 domi,
810 1696 883 1737 sed
908 1697 1067 1737 Romae
1092 1697 1236 1737 durior
1261 1697 1348 1738 illis

339 1777 544 1814 conatus:
579 1785 735 1827 magno
760 1772 995 1826 hospitium
1019 1772 1272 1822 miserabile,
1295 1787 1451 1828 magno

341 1861 560 1889 seruorum
585 1852 760 1888 uentres
784 1852 827 1887 et
852 1847 969 1902 frugi
993 1847 1145 1888 cenula
1168 1862 1334 1903 magno.

340 1922 545 1964 fictilibus
569 1935 717 1964 cenare
741 1922 888 1976 pudet,
913 1922 1026 1976 quod
1052 1927 1178 1976 turpe
1203 1923 1379 1978 negabis

341 1997 575 2038 translatus
599 1997 743 2038 subito
772 1997 826 2037 ad
850 1997 1016 2038 Marsos
1041 2011 1315 2052 mensamque
1341 1998 1554 2039 Sabellam

208 2084 269 2117 170
340 2080 652 2130 contentusque
677 2075 768 2116 ilh'c
793 2075 959 2116 Veneto
985 2075 1172 2130 duroque
1195 2076 1371 2117 cucullo.

340 2164 437 2205 pars
461 2164 615 2205 magna
640 2151 794 2192 Italiae
819 2156 895 2200 est,
919 2151 956 2192 si
980 2164 1129 2192 uerum
1153 2151 1440 2201 admittimus,
1463 2152 1510 2193 in
1534 2166 1617 2207 qua

341 2239 464 2267 nemo
489 2232 633 2281 togam
658 2226 791 2267 sumit
816 2226 902 2266 nisi
925 2231 1131 2268 mortuus.
1202 2227 1295 2281 ipsa
1319 2228 1484 2269 dierum

340 2300 548 2342 festorum
573 2301 749 2343 herboso
773 2301 929 2342 colitur
953 2302 990 2342 si
1015 2301 1185 2356 quando
1211 2303 1381 2344 theatro

341 2376 541 2417 maiestas
566 2376 828 2431 tandemque
852 2377 963 2418 redit
987 2377 1042 2417 ad
1065 2377 1236 2432 pulpita
1261 2383 1414 2419 notum

271 2535 333 2563 150
363 2532 460 2562 uoln-
493 2541 533 2562 ex
563 2532 589 2563 L
678 2536 741 2563 154
771 2533 807 2563 et
837 2532 880 2564 de
911 2531 1013 2563 Vind.
1049 2531 1086 2563 Ψ
1118 2535 1152 2563 et
1185 2533 1220 2563 in
1257 2533 1361 2565 litura
1390 2534 1425 2571 P,
1457 2533 1539 2565 dete
1566 2533 1590 2565 S
1678 2536 1741 2566 156

204 2591 248 2615 ex
270 2584 336 2622 PA,
365 2593 428 2614 om.
453 2581 564 2619 vind„
591 2584 629 2614 in
651 2581 688 2614 Ψ
778 2587 839 2615 157
863 2585 999 2616 nitidus
1027 2584 1249 2616 Marklandus
1273 2588 1307 2617 et
1333 2588 1372 2617 ut
1398 2584 1535 2617 uidetur
1560 2584 1631 2617 cod.
1655 2595 1741 2617 mus.

205 2635 289 2666 Brit.
323 2636 362 2666 15
395 2634 422 2665 B
453 2643 551 2665 XVIII
583 2644 671 2665 man.
709 2637 739 2672 1,
772 2636 880 2666 nitidi
911 2637 936 2667 P
968 2635 1070 2667 Yind.
1099 2635 1146 2668 Ψ.
1196 2638 1368 2678 praeconis
1394 2638 1485 2669 nitor
1511 2636 1659 2668 absentis
1686 2636 1742 2669 hic

203 2686 329 2718 frustra
352 2685 598 2727 exsplendescit
700 2690 762 2718 158
793 2688 911 2718 cultus
942 2688 1106 2720 iuuenem
1137 2689 1231 2726 (corr.
1263 2689 1300 2720 in
1332 2698 1382 2721 -es
1412 2698 1500 2720 man.
1525 2687 1615 2728 ead.)
1639 2687 1742 2720 Vind.

290 2739 505 2777 iuuenesque
533 2738 558 2769 P
582 2736 684 2768 vind.
713 2739 781 2774 Ao,
807 2739 1038 2779 iuuenemque
1062 2738 1100 2770 Ψ
1127 2739 1212 2771 Dan.
1303 2744 1366 2772 164
1393 2749 1469 2780 ops·
1497 2750 1537 2771 ex
1565 2740 1591 2772 P
1679 2744 1741 2772 168

203 2791 350 2830 negabis
371 2788 400 2821 Σ
423 2788 536 2829 Vind„
556 2790 699 2821 necabis
727 2790 761 2828 P,
789 2791 935 2830 negabit
960 2790 1029 2822 cod.
1049 2801 1132 2822 mus.
1151 2791 1234 2823 Brit.
1260 2791 1470 2823 Bumeianus
1496 2793 1568 2832 193,
1595 2792 1744 2832 negauit

203 2840 250 2880 Ψ,
269 2842 410 2882 negauit,
426 2842 454 2874 Τ
