1947 3145
265 104 290 143 9
301 105 324 144 8
864 97 1192 140 IVVENALIS

264 228 326 260 270
395 219 567 273 praebet
592 218 644 257 ab
669 218 835 271 ingrato
860 216 946 255 iam
970 214 1191 255 fastiditus
1215 217 1368 254 aratro.

397 294 538 334 exitus
562 292 635 333 ille
661 296 891 344 utcumque
916 289 1112 337 hominis,
1137 288 1209 329 sed
1233 293 1356 329 torua
1380 288 1533 328 canino

397 368 573 409 latrauit
597 367 710 407 rictu
734 379 841 419 quae
864 369 960 418 post
986 364 1100 404 hunc
1125 364 1293 404 uixerat
1317 377 1430 403 uxor.

397 444 552 484 festino
576 442 629 482 ad
654 445 821 481 nostros
845 443 888 480 et
913 452 1053 493 regem
1077 443 1246 479 transeo
1272 438 1401 478 Ponti

398 523 441 558 et
466 517 676 564 Croesum,
700 528 826 568 quem
852 527 936 554 uox
961 513 1065 554 iusti
1091 513 1273 553 facunda
1299 512 1466 553 Solonis

262 604 326 636 275
394 593 599 646 respicere
624 590 677 630 ad
701 590 849 644 longae
874 589 1001 629 iussit
1027 588 1165 642 spatia
1190 589 1345 629 ultima
1369 587 1497 628 uitae.

397 668 577 709 exilium
601 669 644 706 et
669 679 805 706 carcer
830 664 1238 717 Minturnarumque
1263 663 1440 717 paludes

398 749 441 784 et
465 741 733 782 mendicatus
757 740 874 780 uicta
899 739 1161 793 Carthagine
1185 739 1309 792 panis

399 818 499 857 hinc
523 829 670 857 causas
694 815 903 856 habuere:
940 814 1044 868 quid
1068 813 1144 854 illo
1167 813 1261 854 ciue
1286 812 1457 853 tulisset

398 896 554 933 natura
578 891 624 931 in
649 890 784 939 terris,
809 889 914 943 quid
939 890 1073 929 Roma
1097 888 1264 928 beatius
1289 900 1508 941 umquam,

264 978 326 1008 280
395 967 430 1008 si
455 965 745 1007 circumducto
769 964 1036 1018 captiuorum
1060 964 1231 1018 agmine
1256 967 1299 1003 et
1323 962 1440 1003 omni

396 1041 607 1082 bellorum
630 1054 785 1094 pompa
809 1040 996 1080 animam
1021 1039 1260 1079 exhalasset
1284 1038 1472 1092 opimam

397 1131 497 1157 cum
522 1116 573 1157 de
598 1115 829 1157 Teutonico
854 1115 987 1156 uellet
1012 1114 1258 1155 descendere
1283 1115 1441 1154 curru?

397 1192 577 1246 prouida
601 1190 803 1245 Pompeio
828 1189 999 1230 dederat
1025 1189 1261 1242 Campania
1286 1189 1424 1229 febres

395 1266 613 1321 optandas,
637 1265 709 1307 sed
733 1265 896 1306 multae
921 1265 1045 1305 urbes
1068 1268 1112 1305 et
1135 1264 1304 1318 publica
1328 1267 1429 1304 uota

262 1353 325 1384 285
395 1343 620 1392 uicerunt3
657 1341 792 1395 igitur
817 1341 1008 1381 Fortuna
1032 1339 1167 1393 ipsius
1190 1343 1234 1379 et
1258 1339 1380 1379 urbis

398 1421 616 1458 seruatum
640 1416 756 1457 uicto
781 1420 909 1469 caput
934 1414 1129 1455 abstulit.
1199 1414 1279 1454 hoc
1298 1413 1491 1454 cruciatu

399 1491 620 1540 Lentulus,
644 1491 722 1531 hac
746 1503 881 1544 poena
905 1489 1056 1538 caruit,
1080 1488 1314 1542 ceciditque
1341 1488 1552 1543 Cethegus

399 1567 565 1622 integer
587 1570 630 1607 et
655 1565 785 1606 iacuit
811 1564 999 1605 Catilina
1023 1564 1222 1604 cadauere
1247 1568 1346 1604 toto.

466 1642 648 1682 formam
672 1644 793 1694 optat
817 1640 981 1680 modico
1005 1639 1159 1693 pueris,
1182 1639 1339 1680 maiore
1362 1638 1520 1692 puellis

266 1728 330 1759 290
399 1730 631 1766 murmure,
654 1730 752 1757 cum
776 1715 955 1756 Veneris
981 1715 1128 1755 fanum
1153 1714 1286 1763 uidet,
1309 1715 1440 1754 anxia
1464 1717 1603 1754 mater

400 1806 533 1847 usque
558 1792 611 1832 ad
635 1791 808 1832 delicias
832 1795 1042 1831 uotorum.
1111 1794 1120 1809 ‘
1136 1803 1211 1830 cur
1234 1793 1379 1830 tamen
1394 1789 1403 1804 ²
1427 1789 1570 1843 inquit

403 1873 412 1888 ‘
427 1868 656 1922 corripias?
724 1866 904 1921 pulchra
928 1865 1087 1920 gaudet
1111 1865 1275 1905 Latona
1299 1863 1467 1905 Diana.'

404 1943 476 1984 sed
500 1946 621 1983 uetat
644 1941 780 1996 optari
804 1941 956 1981 faciem
981 1940 1179 1981 Lucretia
1203 1939 1373 1993 qualem

404 2018 496 2072 ipsa
519 2018 682 2066 habuit,
705 2020 875 2070 cuperet
901 2015 1073 2056 Rutilae
1099 2015 1305 2070 Verginia
1329 2015 1506 2070 gibbum

272 2104 335 2134 295
405 2091 626 2147 †accipere
650 2096 779 2146 atque
804 2106 929 2133 suum
955 2091 1128 2131 Rutilae
1152 2090 1260 2131 dare.
1330 2090 1444 2130 filius
1469 2093 1614 2131 autem

406 2168 592 2222 corporis
615 2167 776 2222 egregii
799 2167 973 2207 miseros
998 2165 1268 2219 trepidosque
1291 2169 1488 2219 parentes

408 2256 572 2297 semper
595 2243 746 2284 habet:
783 2255 877 2282 rara
902 2245 965 2282 est
989 2241 1093 2281 adeo
1117 2240 1338 2282 concordia
1363 2240 1522 2281 formae

409 2322 535 2371 atque
560 2317 803 2372 pudicitiae.
873 2321 1040 2358 sanctos
1064 2316 1165 2356 licet
1188 2315 1357 2356 horrida
1380 2328 1517 2356 mores

409 2393 635 2433 tradiderit
660 2392 810 2433 domus
833 2406 882 2433 ac
904 2396 1070 2433 ueteres
1094 2391 1266 2431 imitata
1291 2390 1480 2439 Sabinos,

276 2479 339 2510 300
408 2472 625 2522 praeterea
648 2472 813 2508 castum
836 2467 1055 2522 ingenium
1080 2466 1339 2519 uultumque
1362 2465 1552 2506 modesto

343 2609 405 2638 272
428 2605 570 2637 uixerat
596 2605 726 2643 PAGU,
753 2605 886 2636 uixerit
917 2605 1026 2636 FLOT
1125 2607 1189 2635 274
1215 2612 1319 2643 quem
1349 2612 1418 2635 uox
1444 2603 1532 2634 iusti
1561 2602 1691 2640 PAGU,
1719 2601 1807 2633 iusti

278 2666 381 2699 quem
403 2665 472 2688 uox
495 2656 588 2694 Lo·1·‚
607 2664 710 2695 quem
732 2664 801 2687 uox
824 2656 849 2686 P
937 2659 998 2687 293
1024 2656 1057 2685 et
1081 2659 1143 2686 295
1167 2665 1231 2686 om.
1252 2656 1277 2686 P
1365 2658 1428 2686 294
1448 2662 1592 2693 cuperes
1609 2654 1634 2685 P
1651 2651 1707 2683 sed
1723 2662 1805 2684 corr.

364 2712 426 2741 295
443 2716 546 2740 suum
562 2708 659 2746 PGU,
681 2716 781 2738 suam
798 2705 844 2738 Ψ.
894 2706 957 2737 hoc
974 2705 1205 2744 Buechelerus,
1226 2704 1312 2736 illud
1329 2705 1354 2736 F
1357 2703 1604 2736 riedlaenderus
1620 2703 1697 2734 ferri
1714 2713 1809 2746 posse

279 2763 402 2802 negat3
426 2769 485 2801 ego
500 2758 635 2799 utrique
651 2757 831 2789 adsentior.
881 2767 973 2797 osque
994 2767 1094 2788 suum
1111 2756 1331 2794 Weidnerus3
1356 2756 1494 2787 fortasse
1512 2755 1576 2786 fuit
1597 2765 1724 2795 cuperes
1740 2779 1748 2786 .
1770 2779 1776 2786 .
1800 2779 1807 2787 .

278 2822 372 2854 osque
387 2815 483 2844 tuum
501 2811 605 2851 (oeque
621 2809 734 2848 suum)
823 2813 884 2840 299
909 2810 1050 2841 sabinos
1074 2809 1130 2840 PG
1152 2810 1187 2839 et
1211 2809 1300 2848 (inos
1323 2808 1359 2839 in
1383 2808 1462 2846 raS.)
1484 2808 1518 2846 P,
1539 2808 1682 2839 sabinas
1706 2806 1768 2848 ΨΡ

365 2867 428 2896 300
443 2863 601 2895 modesto
617 2862 682 2900 PG,
699 2861 897 2892 modestum
912 2859 950 2891 Ψ
