1947 3145
210 236 252 266 25

212 613 253 644 30

216 988 256 1019 35

216 1365 256 1395 40

214 1744 254 1774 45

213 2119 255 2151 50

215 2497 256 2527 55

786 106 1022 148 SATVRA
1058 107 1124 148 IV
1660 103 1718 144 25

323 225 401 266 hoc
424 225 562 279 pretio
586 237 782 279 squamas
802 226 814 265 2
882 225 1026 279 potuit
1050 225 1228 265 fortasse
1253 222 1434 264 minoris

323 301 509 355 piscator
532 314 660 354 quam
682 300 810 354 piscis
835 301 944 351 emi,
980 300 1202 355 prouincia
1228 298 1343 340 tanti

325 378 475 419 uendit
498 391 632 433 agros,
656 377 728 418 sed
751 378 930 419 maiores
953 377 1114 432 Apulia
1138 376 1299 418 uendit.

325 454 463 508 qualis
487 458 592 494 tunc
615 452 762 507 epulas
785 453 928 507 ipsum
953 453 1154 507 gluttisse
1177 457 1381 507 putamus

324 528 678 582 induperatorem,
702 542 799 569 cum
824 533 890 569 tot
915 529 1121 577 sestertia,
1144 532 1312 582 partem

321 603 521 658 exiguam
545 608 588 644 et
612 603 800 643 modicae
830 610 1047 657 sumptam
1072 603 1122 644 de
1147 602 1338 657 margine
1363 613 1501 647 cenae,

324 692 561 733 purpureus
585 679 732 733 magni
756 679 939 719 ructarit
964 692 1105 720 scurra
1129 677 1286 726 Palati,

327 753 413 794 iam
436 754 635 807 princeps
659 754 866 808 equitum,
890 768 1046 809 magna
1070 755 1144 808 qui
1167 767 1268 794 uoce
1292 752 1456 794 solebat

325 828 507 870 uendere
525 829 762 883 municipes
786 829 920 870 fracta
946 829 996 870 de
1021 842 1157 870 merce
1182 828 1366 869 siluros?

326 903 467 958 incipe
492 904 691 958 Calliope.
763 904 864 946 licet
888 910 930 945 et
954 905 1193 954 considere,
1230 917 1316 943 non
1340 907 1404 943 est

325 979 600 1028 cantandum,
624 993 689 1020 res
714 994 811 1021 uera
835 981 986 1034 agitur.
1056 984 1235 1028 narrate,
1258 978 1427 1033 puellae

327 1054 542 1096 Pierides:
576 1056 713 1109 prosit
737 1056 845 1095 mihi
870 1069 946 1096 uos
970 1055 1127 1095 dixisse
1150 1054 1326 1108 puellas.

393 1143 491 1170 cum
515 1130 601 1170 iam
626 1130 923 1171 semianimum
949 1130 1155 1171 laceraret
1182 1129 1359 1169 Flauius
1384 1128 1526 1168 orbem

328 1204 508 1245 ultimus
532 1211 574 1246 et
600 1206 722 1245 caluo
747 1206 928 1246 seruiret
954 1205 1089 1246 Roma
1115 1204 1289 1252 Neroni,

326 1280 479 1321 incidit
503 1280 710 1320 Hadriaci
734 1280 922 1334 spatium
946 1280 1194 1320 admirabile
1218 1278 1387 1319 rhombi

326 1361 428 1396 ante
452 1355 623 1396 domum
648 1355 842 1403 Veneris,
868 1369 998 1409 quam
1023 1355 1179 1396 Dorica
1205 1354 1391 1395 sustinet
1415 1353 1578 1400 Ancon,

326 1431 609 1485 impleuitque
634 1431 777 1481 sinus3
813 1445 889 1472 nec
915 1431 1031 1471 enim
1054 1431 1193 1471 minor
1216 1430 1404 1470 haeserat
1429 1427 1516 1468 illis

327 1520 431 1560 quos
456 1507 594 1560 operit
618 1506 775 1562 glacies
799 1506 1011 1547 Maeotica
1036 1510 1248 1560 ruptaque
1274 1504 1449 1545 tandem

326 1581 485 1623 solibus
509 1582 691 1623 effundit
717 1582 918 1622 torrentis
942 1581 994 1622 ad
1019 1582 1129 1622 ostia
1154 1580 1285 1621 Ponti

325 1657 488 1698 desidia
513 1657 655 1698 tardos
679 1663 721 1698 et
746 1657 872 1711 longo
898 1657 1053 1711 frigore
1075 1657 1264 1711 pingues.

324 1732 513 1774 destinat
536 1733 613 1773 hoc
637 1738 879 1773 monstrum
904 1733 1079 1773 cumbae
1103 1732 1270 1785 linique
1295 1729 1499 1784 magister

324 1808 518 1861 pontifici
543 1821 717 1848 summo.
790 1808 885 1861 quis
910 1808 1026 1848 enim
1051 1819 1284 1861 proponere
1309 1805 1439 1846 talem

325 1888 402 1924 aut
426 1896 563 1923 emere
587 1883 773 1931 auderet,
799 1897 896 1923 cum
919 1882 1044 1936 plena
1069 1887 1112 1922 et
1136 1882 1264 1922 litora
1288 1879 1425 1921 multo

325 1958 512 1999 delatore
536 1958 677 1999 forent
697 1960 709 1998 ,ἲ
778 1958 956 2012 dispersi
979 1958 1178 2012 protinus
1202 1956 1322 2011 algae

325 2034 604 2088 inquisitores
628 2040 801 2088 agerent
826 2047 921 2074 cum
946 2034 1105 2088 remige
1129 2032 1244 2072 nudo

324 2122 410 2149 non
434 2108 675 2150 dubitaturi
699 2109 936 2164 fugitiuum
960 2109 1096 2149 dicere
1120 2108 1280 2162 piscem

327 2185 636 2239 depastumque
661 2185 735 2225 diu
759 2185 926 2225 uiuaria
954 2184 1154 2232 Caesaris,
1178 2183 1277 2224 inde

326 2260 518 2314 elapsum
541 2264 730 2301 ueterem
753 2260 806 2301 ad
832 2260 1054 2300 dominum
1079 2259 1231 2300 debere
1255 2257 1425 2299 reuerti.

326 2335 362 2376 si
387 2335 492 2389 quid
517 2335 718 2384 Palfurio,
742 2336 779 2376 si
803 2335 1014 2376 credimus
1038 2335 1284 2383 Armillato,

327 2410 538 2465 quidquid
561 2411 837 2464 conspicuum
861 2411 1179 2465 pulchrumque
1203 2414 1267 2451 est
1292 2421 1470 2463 aequore
1496 2412 1587 2448 toto

325 2499 392 2527 res
416 2486 506 2526 fisci
530 2491 606 2534 est,
630 2486 891 2539 ubicumque
916 2490 1050 2526 natat.
1123 2485 1354 2526 donabitur
1377 2497 1490 2539 ergo,

326 2575 380 2602 ne
404 2566 560 2615 pereat.
632 2562 719 2601 iam
744 2561 914 2602 letifero
938 2561 1113 2602 cedente
1137 2560 1303 2614 pruinis

325 2641 545 2684 autiunno,
569 2636 655 2676 iam
681 2640 934 2690 quartanam
959 2635 1232 2690 sperantibus
1256 2634 1406 2689 aegris,

257 2722 298 2750 25
321 2718 438 2758 pretio
459 2719 511 2750 PS
535 2717 639 2749 Paris.
660 2719 755 2756 9345,
781 2719 937 2757 pretium
962 2716 1065 2749 vind.
1085 2715 1123 2748 Ψ
1222 2725 1389 2757 squamas
1412 2714 1584 2753 Dorlezms,
1607 2714 1732 2754 piscem

193 2767 232 2808 Σ,
259 2778 428 2810 squamae
451 2771 478 2802 P
504 2768 604 2801 Vind.
631 2767 668 2800 Ψ
757 2773 796 2801 31
818 2770 972 2801 ructarit
995 2770 1030 2808 P,
1057 2771 1219 2801 ructaret
1242 2767 1344 2800 Vind.
1372 2765 1410 2798 Ψ
1499 2771 1539 2798 33
1562 2766 1680 2797 fracta
1701 2761 1731 2795 Σ

193 2820 296 2853 Vind.
315 2819 363 2860 Ψ,
383 2822 483 2853 faeta
505 2821 560 2853 PT
649 2825 690 2852 34
713 2822 750 2852 et
772 2821 798 2852 P
816 2820 918 2852 vind.
939 2822 979 2859 U,
1000 2829 1018 2852 e
1035 2821 1069 2859 F,
1090 2821 1146 2853 hic
1162 2819 1199 2852 Ψ
1287 2824 1328 2852 43
1344 2819 1516 2852 torrentis
1540 2818 1590 2849 PS
1608 2813 1726 2855 vind„

192 2873 370 2904 torrentes
385 2873 421 2912 F,
441 2873 619 2913 torpentis
635 2870 673 2903 Ψ
