1947 3145
232 95 252 132 1
262 94 289 133 4
298 94 322 135 Ο
825 95 1154 136 IVVENALIS

360 223 443 264 qua
467 224 543 252 nec
567 210 775 252 terribiles
801 210 962 251 Cimbri
986 224 1063 251 nec
1086 211 1307 252 Brittones
1331 225 1538 265 umquam

227 295 289 325 125
359 284 718 339 Sauromataeque
743 290 881 326 truces
904 290 980 326 aut
1005 286 1197 327 inmanes
1220 286 1468 340 Agathyrsi,

361 360 439 401 hac
464 360 601 401 saeuit
626 360 740 400 rabie
765 360 920 401 inbelle
944 365 987 401 et
1011 361 1167 402 inutile
1192 361 1350 416 uulgus

361 436 544 488 paruula
568 435 771 476 fictilibus
795 435 971 476 solitum
996 436 1094 476 dare
1113 436 1207 477 uela
1230 436 1418 490 phaselis

362 515 405 551 et
428 510 629 551 breuibus
652 511 790 564 pictae
815 511 944 551 remis
968 511 1213 552 incumbere
1238 515 1381 553 testae.

363 598 438 626 nec
461 598 640 639 poenam
665 585 812 626 sceleri
836 586 1029 627 inuenies
1052 600 1129 628 nec
1153 586 1282 641 digna
1307 586 1475 641 parabis

230 669 291 700 130
361 659 573 713 supplicia
596 660 664 700 his
689 660 868 714 populis,
892 661 939 701 in
963 675 1141 715 quorum
1165 666 1308 703 mente
1331 675 1453 716 pares
1477 665 1579 703 sunt

361 738 404 775 et
429 734 588 775 similes
612 735 675 775 ira
699 739 827 789 atque
851 735 991 776 fames.
1063 736 1314 777 mollissima
1338 737 1461 777 corda

362 809 550 849 humano
573 810 716 863 generi
741 810 839 850 dare
864 824 906 851 se
930 815 1084 852 natura
1108 811 1278 861 fatetur,

363 896 470 937 quae
495 883 690 925 lacrimas
715 884 859 935 dedit3
895 886 998 926 haec
1021 886 1157 926 nostri
1181 899 1277 940 pars
1301 885 1473 940 optima.
1544 898 1690 926 sensus

362 958 526 1011 plorare
551 972 646 1013 ergo
672 959 791 1000 iubet
815 973 984 1001 causam
1009 960 1190 1002 dicentis
1214 961 1342 1002 amici

231 1044 292 1074 135
362 1033 683 1088 squaloremque
706 1035 779 1083 rei,
802 1035 1018 1088 pupillum
1043 1035 1096 1076 ad
1120 1036 1215 1077 iura
1240 1040 1465 1077 uocantem

364 1109 784 1163 circumscriptorem,
809 1111 930 1151 cuius
955 1112 1177 1152 manantia
1201 1111 1305 1152 fletu

364 1197 435 1223 ora
458 1184 666 1237 puellares
691 1185 858 1226 faciunt
882 1186 1045 1228 incerta
1068 1186 1226 1240 capilli.

365 1262 544 1300 naturae
569 1259 749 1314 imperio
773 1261 995 1315 gemimus,
1018 1276 1115 1303 cum
1140 1262 1271 1303 funus
1294 1262 1467 1303 adultae

366 1333 550 1389 uirginis
575 1336 757 1376 occurrit
781 1336 850 1377 uel
874 1341 984 1378 terra
1008 1337 1225 1379 clauditur
1248 1337 1390 1378 infans

234 1419 295 1449 140
364 1413 407 1449 et
432 1409 573 1449 minor
595 1409 693 1464 igne
717 1411 818 1465 rogi.
889 1411 985 1465 quis
1009 1412 1125 1452 enim
1150 1412 1288 1453 bonus
1312 1416 1355 1453 et
1379 1412 1468 1453 face
1492 1412 1646 1466 dignus

367 1497 533 1533 arcana,
557 1485 727 1539 qualem
752 1485 914 1527 Cereris
938 1486 1036 1528 uult
1060 1500 1147 1528 esse
1171 1487 1371 1536 sacerdos,

368 1559 458 1599 ulla
483 1559 623 1600 aliena
648 1561 729 1601 sibi
754 1561 889 1602 credit
913 1562 1059 1602 mala?
1130 1567 1295 1616 separat
1319 1563 1397 1603 hoc
1422 1576 1497 1603 nos

368 1648 392 1674 a
416 1648 541 1689 grege
565 1639 795 1685 mutorum,
819 1640 947 1691 atque
972 1637 1064 1678 ideo
1089 1637 1331 1678 uenerabile
1356 1637 1435 1678 soli
1458 1689 1464 1693 τ

368 1710 511 1751 sortiti
536 1711 761 1765 ingenium
786 1711 1116 1767 diuinorumque
1135 1726 1307 1767 capaces

301 1878 363 1905 124
385 1875 561 1907 brittones
574 1875 640 1914 AL,
655 1876 813 1908 britones
829 1877 925 1916 PGT,
942 1878 1136 1909 brittrones
1153 1877 1222 1910 flor.
1241 1877 1351 1919 Sang„
1368 1878 1545 1909 bristones
1561 1877 1595 1916 F,
1613 1878 1770 1909 bistones

237 1925 296 1956 011
386 1930 447 1957 125
471 1935 539 1966 que
562 1927 713 1966 PSOTU,
741 1937 785 1959 ue
808 1929 923 1960 AFGL
1011 1933 1072 1961 133
1094 1929 1315 1971 interpunxi;
1339 1928 1442 1971 uulgo
1465 1928 1623 1960 scribitur
1646 1929 1772 1970 optima

235 1986 355 2007 sensus.
389 1977 394 2018 Ι
416 1979 554 2017 plorare
585 1981 647 2011 etc.
706 1979 784 2012 uide
819 1980 894 2012 Sen.
924 1983 992 2013 nat.
1028 1984 1156 2022 quaest.
1187 1989 1199 2012 1
1231 1981 1313 2023 prol.
1345 1983 1384 2013 14
1415 1982 1522 2013 nostri
1550 1982 1669 2012 melior
1689 1990 1772 2021 pars

236 2029 374 2059 (mimus
389 2032 442 2060 est.
483 2039 556 2070 erqo
573 2030 673 2062 tertio
684 2030 755 2062 loco
772 2032 919 2072 positum
934 2035 984 2063 est
999 2033 1101 2064 etiam
1118 2043 1149 2065 u.
1166 2033 1238 2066 171.
1280 2034 1316 2065 in
1329 2032 1469 2075 uulgata
1485 2032 1768 2074 interpunctione,

236 2082 276 2111 ut
291 2090 329 2110 ea
345 2090 429 2121 quae
445 2080 487 2112 ad
504 2081 737 2124 insequentem
754 2093 888 2115 uersum
904 2083 1060 2116 dicentur
1076 2094 1165 2116 nunc
1186 2085 1352 2125 omittam,
1374 2095 1433 2127 pro
1456 2095 1567 2117 seusus
1589 2083 1773 2127 requiritur

237 2140 357 2170 census,
385 2132 669 2173 quemadmodum
697 2134 859 2166 Manilius
886 2146 1022 2167 censum
1051 2147 1110 2178 pro
1136 2135 1273 2168 dotibus
1300 2139 1413 2180 posuit
1441 2146 1468 2168 11
1499 2138 1561 2168 110
1587 2147 1644 2168 rwc
1668 2136 1775 2167 ‘nostri

238 2192 380 2213 munera
395 2194 515 2224 census,
537 2193 582 2216 111
601 2186 642 2219 72
658 2188 759 2218 lotum
776 2187 923 2219 hominis
937 2198 1068 2220 censum
1157 2193 1220 2221 134
1243 2188 1363 2221 dicunt
1383 2189 1535 2221 ordinem
1551 2198 1620 2220 esse
1639 2189 1774 2228 plorare

237 2235 425 2274 squalorem
447 2237 551 2268 amici
573 2247 708 2269 causam
730 2239 868 2270 dicentis
889 2240 1010 2280 reique,
1039 2250 1123 2282 quae
1146 2240 1285 2272 licentia
1308 2243 1341 2273 et
1364 2241 1566 2282 ambiguitas
1593 2239 1773 2281 plusquam

239 2284 428 2317 Horatiana
458 2290 518 2327 est,
548 2299 567 2319 a
593 2288 752 2321 quenale
783 2290 864 2321 adeo
889 2290 999 2322 aliena
1026 2293 1066 2323 ut
1091 2292 1232 2324 Kiaerus
1256 2294 1436 2334 praeeunte
1464 2291 1626 2333 Rupertio
1650 2301 1683 2322 u.
1713 2291 1775 2322 135

237 2337 424 2377 squalorem
439 2342 535 2380 atque
553 2341 740 2373 coniecerit.
791 2342 982 2374 coniectura
1003 2353 1110 2375 carere
1134 2354 1311 2386 possumus
1332 2347 1421 2376 recte
1437 2343 1599 2376 distincta
1615 2342 1774 2374 oratione.

240 2391 362 2420 natura
393 2389 530 2422 iubente
562 2391 731 2433 ploramus
758 2404 874 2425 sensus
899 2394 968 2426 siue
993 2395 1132 2427 affectus
1158 2396 1287 2438 (quales
1312 2398 1393 2428 sunt
1420 2395 1588 2428 Ciceronis
1612 2404 1672 2436 pro
1697 2391 1770 2425 Mil.

241 2441 368 2472 102-5:
393 2440 471 2473 uide
495 2442 610 2480 Quint.
632 2444 711 2476 inst.
732 2454 771 2477 VI
798 2447 813 2476 1
841 2445 923 2479 23-7
941 2449 975 2478 et
991 2447 1057 2479 Cic.
1072 2447 1112 2479 de
1136 2458 1181 2479 or.
1202 2456 1231 2479 11
1249 2449 1310 2479 189
1326 2458 1393 2479 ‘non
1414 2448 1594 2479 mehercule
1613 2454 1775 2485 umquam

239 2492 332 2531 (opud
354 2493 479 2524 iudices
500 2494 645 2526 dolorem
667 2500 726 2527 aul
749 2498 1014 2529 misericordiam
1044 2523 1052 2531 .
1087 2522 1095 2531 .
1132 2523 1139 2531 .
1173 2500 1307 2531 dicerwlo
1327 2500 1467 2531 excitare
1482 2499 1589 2537 uolui,
1609 2498 1694 2538 quin
1709 2497 1776 2535 ipse

240 2545 279 2575 in
309 2545 550 2577 commouerwlis
579 2548 747 2580 iudicibus
776 2550 823 2580 eis
851 2551 934 2589 ipsis
963 2551 1149 2590 sensibus,
1176 2552 1222 2583 ad
1251 2561 1329 2592 quos
1358 2551 1434 2583 illos
1458 2551 1619 2582 adducere
1642 2548 1770 2586 uellem,

236 2596 459 2636 permouerer)
477 2597 576 2628 amici
593 2608 725 2630 causam
742 2599 885 2632 dicentis
902 2604 936 2632 et
957 2601 1145 2643 squalorem
1161 2602 1218 2634 rei.
1267 2602 1371 2634 amici
1385 2602 1521 2634 nomine
1537 2611 1606 2633 non
1622 2600 1774 2631 nostrum

241 2647 423 2689 significari
440 2647 497 2680 sed
513 2648 560 2680 rei
583 2650 739 2689 amicum,
760 2653 895 2693 patroni
917 2664 1054 2684 munere
1072 2654 1267 2695 fungentem
1284 2653 1367 2694 (Cic.
1386 2664 1446 2696 pro
1470 2653 1545 2685 Sex.
1565 2654 1657 2683 Rosc.
1677 2651 1694 2681 5
1713 2660 1777 2690 pro

241 2699 344 2739 capite
360 2703 388 2731 et
395 2700 549 2740 fortunis
564 2702 704 2733 alterius
729 2727 735 2734 .
764 2727 771 2735 .
800 2728 806 2735 .
834 2715 970 2736 causam
988 2706 1116 2745 dicere),
1138 2705 1200 2737 soli
1216 2706 1335 2748 opinor
1350 2716 1418 2738 non
1435 2705 1589 2737 sentiunt
1605 2701 1778 2735 quenalis

242 2751 452 2793 interpretes.
511 2752 593 2795 quid
628 2754 741 2785 enim?
779 2755 807 2786 si
837 2756 912 2798 quis
942 2757 1041 2789 amici
1075 2758 1127 2789 sui
1159 2757 1306 2800 periculo
1337 2759 1575 2795 commouetur,
1610 2754 1778 2786 idcircone

242 2803 428 2835 misericors
452 2804 626 2836 habendus
650 2808 723 2838 est?
767 2808 935 2840 amicitiae
960 2808 1023 2840 hoc
1046 2819 1115 2840 esse
1143 2808 1356 2849 credideram,
1383 2806 1645 2841 misericordiam
1670 2804 1779 2838 homi-

244 2854 344 2886 nibus
360 2865 379 2886 a
395 2855 491 2887 nobis
508 2855 627 2888 alienis
644 2857 748 2889 tribui
837 2863 899 2891 142
915 2861 1029 2892 credit
1044 2862 1173 2900 PAOU,
1194 2862 1317 2894 credat
1332 2862 1443 2894 rem·
