1947 3145
236 996 275 1026 30

238 1373 276 1404 35

243 1750 283 1779 40

250 2125 289 2154 45

254 2498 294 2529 50

809 112 1136 154 IVVENALIS

339 249 413 290 per
437 248 563 289 quem
588 246 770 287 magnus
793 244 923 285 equos
946 230 1174 270 Auruncae
1198 229 1319 269 flexit
1343 227 1557 274 alumnus,

342 312 377 352 si
403 314 528 351 uacat
552 323 599 350 ac
622 307 779 362 placidi
803 306 1016 346 rationem
1040 303 1286 352 admittitis,
1311 302 1442 343 edam.

409 399 507 426 011111
532 389 652 425 tener
677 395 853 422 uxorem
877 380 1005 420 ducat
1030 379 1172 433 spado,
1197 378 1343 418 Meuia
1367 378 1552 417 Tuscum

344 461 448 515 figat
472 472 621 513 aprum
645 463 689 498 et
714 456 828 497 nuda
852 460 997 496 teneat
1021 454 1231 494 uenabula
1254 466 1450 501 mamma,

344 535 546 589 patricios
565 533 704 573 omnis
729 531 879 585 opibus
903 544 1001 570 cum
1025 535 1228 583 prouocet
1252 541 1364 568 unus

344 624 428 665 quo
453 608 658 650 tondente
682 606 825 660 grauis
849 605 996 645 iuueni
1021 604 1130 644 mihi
1154 604 1284 644 barba
1309 602 1500 650 sonabat,

345 699 442 726 cum
467 697 563 737 pars
587 682 781 722 Niliacae
805 680 953 734 plebis,
978 693 1075 720 011111
1100 692 1231 719 uerna
1258 677 1421 732 Canopi

349 759 572 813 Crispinus
596 757 746 811 Tyrias
771 768 915 796 umero
941 762 1169 795 reuocante
1194 754 1383 794 lacernas

346 833 530 875 uentilet
554 832 766 873 aestiuum
791 830 940 885 digitis
964 829 1218 870 sudantibus
1242 841 1395 868 aurum

346 923 423 950 nec
447 908 619 949 sufferre
644 911 775 960 queat
799 905 971 946 maioris
995 903 1182 958 pondera
1206 916 1408 958 gemmae,

319 983 518 1045 'gdifficile
542 988 607 1024 est
625 987 816 1022 saturam
842 994 928 1021 11011
953 980 1143 1020 scribere.
1214 992 1314 1018 nam
1339 979 1435 1032 quis
1459 977 1633 1032 iniquae

347 1065 437 1101 tam
461 1058 631 1113 patiens
656 1057 785 1105 urbis,
809 1061 898 1097 tam
923 1055 1093 1104 ferreus,
1117 1060 1167 1094 ut
1192 1059 1338 1094 teneat
1363 1066 1417 1102 se,

347 1133 549 1175 causidici
574 1146 683 1173 noua
707 1145 803 1173 011111
828 1131 975 1171 ueniat
1000 1130 1152 1171 lectica
1176 1129 1420 1170 Mathonis.

348 1210 474 1264 plena
498 1209 601 1262 ipsc,
626 1212 725 1262 post
749 1207 865 1247 1111110
890 1205 1037 1261 magni
1062 1204 1226 1245 delator
1249 1204 1377 1245 amici

348 1290 391 1327 et
415 1285 499 1326 cito
523 1268 723 1338 rapturus
748 1282 799 1322 de
824 1281 1053 1322 nobilitate
1077 1294 1241 1320 comesa

348 1360 461 1415 quod
486 1363 687 1413 superest,
712 1371 839 1412 quem
865 1357 1009 1397 Massa
1034 1356 1170 1405 timet,
1195 1369 1323 1409 quem
1348 1367 1524 1395 munere
1548 1353 1696 1407 palpat

351 1437 484 1477 Carus
509 1439 552 1475 et
577 1448 601 1474 a
626 1433 794 1488 trepido
819 1431 1025 1486 Thymele
1050 1431 1273 1472 summissa
1299 1432 1477 1480 Latin03

349 1525 447 1552 cum
472 1515 515 1551 te
540 1513 837 1550 summoueant
862 1508 937 1561 qui
962 1512 1222 1548 testamenta
1248 1511 1466 1546 merentur

352 1586 559 1634 noctibus,
579 1584 625 1624 in
650 1583 815 1625 caelum
840 1596 943 1636 quos
968 1582 1116 1622 euehit
1141 1582 1305 1635 optima
1330 1580 1487 1622 summi

351 1673 467 1702 nunc
492 1659 563 1700 uia
587 1671 804 1713 processus
829 1644 1000 1698 uetulae
1024 1657 1165 1697 uesica
1190 1657 1338 1696 beatae
1358 1658 1370 1697 ,ἲ

329 1772 332 1779 ,
353 1735 568 1777 unciolam
593 1733 842 1775 Proculeius
866 1733 1008 1781 habet,
1033 1732 1105 1773 sed
1130 1731 1247 1773 Gillo
1273 1732 1488 1780 deuncem,

353 1817 498 1866 partes
522 1809 703 1892 quisshe
728 1822 824 1849 suas
849 1807 902 1848 ad
928 1821 1172 1848 mensuram
1196 1807 1386 1862 inguinis
1411 1807 1542 1847 heres.

355 1886 536 1940 accipiat
562 1897 662 1925 sane
687 1882 920 1924 mercedem
945 1883 1168 1938 sanguinis
1192 1889 1234 1923 et
1260 1883 1319 1924 sic

356 1961 516 2016 palleat
540 1965 590 2001 ut
615 1958 742 1999 nudis
766 1958 922 2013 pressit
948 1958 1023 2012 qui
1047 1958 1232 2000 calcibus
1256 1971 1439 2012 anguem

359 2041 434 2078 aut
459 2034 817 2090 Lugudunensem
843 2034 990 2074 rhetor
1015 2033 1208 2074 dicturus
1233 2033 1286 2073 ad
1312 2046 1439 2074 arani.

360 2110 464 2166 quid
488 2110 670 2151 referam
694 2114 856 2163 quanta
881 2108 1038 2149 siccum
1063 2108 1179 2148 iecur
1204 2107 1349 2148 ardeat
1374 2108 1448 2155 ira,

359 2200 456 2228 cum
479 2185 687 2240 populum
711 2184 909 2239 gregibus
934 2183 1141 2224 comitum
1165 2183 1324 2237 premit
1350 2183 1420 2223 hic
1443 2182 1647 2237 spoliator

360 2261 517 2316 pupilli
542 2259 779 2315 prostantis
803 2264 846 2300 et
872 2259 942 2299 hic
967 2258 1198 2299 damnatus
1223 2259 1344 2299 inani

363 2336 553 2377 iudicio?
622 2334 727 2389 quid
752 2335 867 2375 enim
892 2334 1023 2375 saluis
1046 2334 1227 2374 infamia
1252 2334 1473 2375 nummis?

363 2411 462 2453 exul
487 2411 540 2452 ab
564 2416 715 2452 octaua
739 2409 905 2450 Marius
930 2409 1042 2450 bibit
1066 2413 1109 2450 et
1134 2409 1293 2450 fruitur
1317 2409 1383 2450 dis

364 2487 500 2535 iratis,
524 2491 570 2527 at
594 2490 644 2526 tu
668 2485 840 2534 uictriX,
865 2485 1100 2539 prouincia,
1123 2484 1271 2540 ploras.

365 2563 468 2603 haec
491 2575 568 2616 ego
593 2575 679 2601 non
703 2560 874 2601 credam
899 2560 1121 2601 Venusina
1145 2560 1276 2615 digna
1299 2560 1501 2601 lucerna?

366 2637 469 2678 haec
492 2649 569 2691 ego
593 2649 679 2676 non
704 2635 895 2690 agitem?
965 2635 1037 2676 sed
1061 2635 1165 2690 quid
1189 2635 1356 2690 magis?
1424 2633 1654 2675 Heracleas

297 2729 337 2756 21
351 2733 393 2756 ac
405 2724 469 2762 ΡΟ,
485 2724 522 2754 et
534 2721 637 2753 Vind.
654 2720 691 2752 Ψ
773 2726 814 2753 24
826 2725 859 2753 et
873 2726 913 2754 25
926 2732 989 2753 om.
1008 2723 1095 2755 GOT
1177 2727 1217 2754 35
1229 2723 1356 2763 palpat
1367 2732 1430 2753 om.
1445 2722 1471 2753 P
1549 2724 1589 2753 38
1602 2721 1767 2752 noctibus

233 2775 335 2808 Vind.
352 2774 399 2815 Ψ,
419 2774 558 2808 nontibi
577 2774 603 2805 P
690 2774 870 2813 441ugud-
892 2784 931 2805 ex
955 2774 982 2806 P
1069 2778 1110 2806 46
1130 2775 1271 2814 premat
1290 2772 1391 2805 Vind.
1412 2771 1535 2814 aliique
1624 2776 1664 2803 4⁷
1685 2774 1722 2803 et
1740 2772 1766 2803 P

232 2828 301 2860 flor.
323 2827 422 2868 Sang.
448 2827 485 2866 Ο,
511 2828 551 2858 at
575 2823 621 2863 Ψ,
648 2825 695 2856 ad
719 2824 820 2856 Vind.
914 2829 955 2856 50
979 2826 1105 2856 uictrix
1128 2825 1358 2857 nominatiuus
1447 2828 1487 2855 52
1510 2824 1691 2856 heracleas
1715 2824 1766 2855 PS

234 2879 360 2913 Probus
377 2878 504 2917 Vanae,
525 2877 703 2909 herecleas
720 2875 836 2916 Vind.,
857 2877 1054 2909 herculeias
1071 2875 1108 2908 Ψ
