1947 3145
745 127 978 168 SATVRA
1014 126 1110 166 XII
1602 129 1624 168 1
1636 129 1656 167 1
1668 128 1692 169 3

181 255 224 285 85
293 258 340 286 ac
365 244 507 286 mollis
532 249 680 286 ornate
706 245 817 286 focos
843 245 1120 300 glaebamque
1144 244 1368 285 uirentem.

293 311 381 352 iam
407 325 555 366 sequar
579 316 621 352 et
647 325 773 361 sacro,
798 312 910 366 quod
933 316 1133 366 praestat,
1156 312 1239 352 rite
1262 315 1432 365 peracto

293 386 393 428 inde
417 387 591 427 domum
616 391 820 441 repetam,
843 387 1019 442 graciles
1042 387 1116 427 ubi
1141 400 1272 440 parua
1296 398 1470 426 coronas

293 461 511 515 accipiunt
535 461 680 516 fragili
705 461 932 502 simulacra
957 462 1144 503 nitentia
1168 475 1272 502 cera.

292 536 364 577 hic
387 540 582 577 nostrum
606 536 782 590 placabo
809 536 958 577 Iouem
983 537 1245 590 Laribusque
1269 535 1462 589 paternis

179 620 222 651 90
292 615 391 652 tura
416 611 523 651 dabo
547 615 676 665 atque
701 611 841 651 omnis
866 611 1004 652 uiolae
1029 612 1194 652 iactabo
1219 610 1387 651 colores.

292 690 447 728 cuncta
471 686 626 735 nitent,
650 686 799 741 longos
823 687 961 728 erexit
985 686 1114 727 ianua
1137 699 1277 727 ramos

293 765 336 802 et
360 761 590 802 matutinis
614 766 814 814 operatur
837 761 945 802 festa
970 761 1164 802 lucernis.

292 849 377 877 neu
401 839 600 890 suspecta
625 836 706 876 tibi
731 836 818 877 sint
843 836 957 885 haee,
983 836 1178 885 Coruine,
1203 835 1410 885 Catullus,

291 924 368 965 pro
393 911 516 951 cuius
540 910 683 951 reditu
708 915 775 952 tot
799 925 911 965 pono
935 911 1101 960 altaria,
1124 924 1279 965 paruos

179 996 222 1027 95
291 990 378 1027 tres
402 986 533 1027 habet
558 986 739 1027 heredes.
811 986 916 1027 libet
940 990 1161 1040 expectare
1186 986 1282 1040 quis
1306 1000 1477 1041 aegram

292 1065 336 1102 et
359 1060 629 1102 claudentem
654 1062 795 1102 oculos
819 1061 1025 1116 gallinam
1049 1061 1259 1115 inpendat
1283 1062 1418 1102 amico

292 1140 383 1177 tam
408 1136 574 1187 sterili3
609 1150 761 1177 uerum
786 1136 890 1177 haec
914 1137 1048 1176 nimia
1073 1141 1137 1177 est
1161 1136 1366 1190 inpensa:
1401 1137 1598 1178 coturnix

291 1211 414 1252 nulla
437 1225 645 1266 umquam
670 1226 745 1266 pro
770 1216 890 1265 patre
915 1212 1047 1253 cadet.
1118 1212 1277 1253 sentire
1302 1212 1483 1254 calorem

292 1287 329 1328 si
353 1287 493 1341 coepit
518 1288 703 1342 locuples
729 1287 915 1329 Gallitta
939 1292 981 1328 et
1007 1287 1161 1328 Pacius
1186 1288 1290 1337 orbi,

158 1372 220 1403 100
288 1361 482 1418 legitime
507 1363 604 1404 fixis
629 1363 817 1404 uestitur
841 1368 934 1404 tota
959 1363 1114 1403 libellis

293 1438 497 1492 porticus,
522 1439 718 1480 existunt
742 1439 817 1493 qui
841 1439 1098 1493 promittant
1122 1439 1414 1488 hecatomben,

294 1518 506 1568 quatenus
532 1514 603 1555 hic
626 1528 711 1555 non
737 1518 839 1554 sunt
864 1528 941 1555 nec
964 1514 1137 1555 uenales
1161 1515 1396 1568 elephanti,

293 1603 371 1630 nec
394 1589 518 1630 Latio
541 1594 619 1630 aut
643 1603 826 1644 usquam
851 1590 930 1630 sub
954 1594 1100 1630 nostro
1125 1590 1261 1631 sidere
1286 1590 1385 1631 talis

293 1663 419 1705 belua
442 1665 694 1718 concipitur,
720 1665 791 1705 sed
815 1665 941 1705 furua
965 1669 1092 1719 gente
1115 1665 1253 1719 petita

159 1750 221 1781 105
292 1739 510 1780 arboribus
535 1740 713 1780 Rutulis
737 1745 781 1781 et
806 1740 941 1780 Turni
964 1740 1155 1794 pascitur
1179 1754 1289 1795 agro,

294 1814 483 1856 Caesaris
508 1819 753 1855 armentum
778 1815 889 1855 nulli
914 1815 1071 1856 seruire
1095 1820 1296 1869 paratum

292 1889 476 1944 priuato,
500 1890 710 1944 siquidem
736 1890 863 1944 Tyrio
886 1903 1035 1943 parere
1059 1890 1252 1930 solebant

293 1965 534 2006 Hannibali
559 1969 602 2006 et
627 1965 784 2006 nostris
809 1965 988 2006 ducibus
1012 1965 1185 2019 regique
1209 1964 1397 2006 Molosso

292 2040 444 2082 horum
468 2041 649 2081 maiores
673 2054 720 2081 ac
745 2040 867 2081 dorso
893 2040 999 2080 ferre
1024 2041 1221 2089 cohortis,

159 2126 221 2158 110
290 2120 457 2170 partem
482 2116 672 2170 aliquam
696 2115 810 2164 belli,
833 2119 875 2156 et
900 2119 1074 2156 euntem
1098 2115 1144 2155 in
1168 2115 1328 2170 proelia
1353 2119 1525 2157 turrem.

292 2191 413 2232 nulla
436 2191 571 2245 igitur
596 2205 714 2232 mora
738 2204 813 2245 per
838 2191 1044 2239 Nouium,
1069 2204 1186 2231 mora
1210 2191 1328 2231 nulla
1353 2204 1428 2245 per
1452 2190 1656 2232 Histrum

293 2266 543 2315 Pacuuium,
568 2266 673 2320 quin
698 2265 808 2306 illud
832 2266 935 2307 ebur
960 2265 1142 2306 ducatur
1165 2266 1219 2306 ad
1242 2278 1336 2306 aras

293 2346 336 2382 et
360 2341 483 2383 cadat
507 2346 607 2382 ante
632 2342 759 2382 Lares
784 2341 992 2382 Gallittae
1016 2341 1195 2382 uictima
1220 2341 1308 2381 sola

293 2417 430 2458 tantis
454 2417 584 2471 digna
608 2417 697 2457 deis
721 2421 764 2457 et
788 2416 1080 2470 captatoribus
1105 2417 1268 2457 horum.

223 2535 264 2564 86
303 2532 448 2572 peracto
485 2529 562 2568 ΣΨ,
594 2532 780 2570 peractum
815 2531 865 2562 PS
959 2534 999 2562 92
1030 2531 1199 2570 operatur
1228 2528 1266 2561 Ψ
1296 2528 1388 2561 Seru.
1420 2528 1502 2561 Aen.
1539 2537 1585 2561 111
1616 2529 1688 2568 136,

155 2587 325 2627 operator
347 2586 382 2624 F,
410 2586 605 2626 operantur
628 2585 694 2622 PA,
722 2585 883 2625 operitur
906 2583 977 2616 cod.
1003 2584 1042 2616 R.
1071 2583 1237 2626 Stephani
1323 2587 1364 2616 93
1394 2593 1464 2616 neu
1494 2584 1574 2616 FLO
1605 2582 1694 2615 sicut

156 2638 343 2670 coniecerat
366 2636 580 2676 Schraderus,
599 2645 663 2669 nec
686 2638 844 2676 PAG'I'U,
864 2645 908 2668 ne
933 2636 1159 2677 fragmentum
1183 2635 1374 2667 Parisinum
1397 2645 1480 2668 saec.
1501 2643 1573 2667 X111
1597 2634 1695 2666 Beeri

157 2689 265 2732 spicil.
292 2689 367 2722 qu.
398 2699 430 2731 p.
455 2689 495 2720 38
520 2689 608 2719 sicut
632 2688 818 2719 coniecerat
844 2687 1079 2719 Lachmannus
1167 2691 1207 2719 99
1233 2689 1339 2719 orbus
1362 2688 1394 2719 A
1417 2686 1542 2729 aliique
1629 2690 1692 2718 100

158 2741 289 2774 libellis
319 2740 419 2780 ΡΒΨ,
455 2741 599 2772 tabellis
629 2739 689 2770 alii
777 2744 837 2771 101
866 2740 1080 2779 promittant
1106 2739 1228 2777 PSAG,
1256 2740 1473 2779 promittunt
1496 2737 1533 2770 Ψ
1630 2741 1694 2770 104

158 2793 266 2824 furua
280 2791 329 2831 Ψ,
348 2793 450 2832 niqra
472 2790 510 2830 Σ,
536 2792 639 2823 fulua
661 2792 712 2823 PS
729 2790 799 2822 flor.
821 2790 919 2832 sang.
940 2791 965 2822 Γ
989 2792 1023 2822 et
1045 2792 1085 2822 ut
1100 2789 1237 2822 uidetur
1251 2791 1283 2823 A
1370 2794 1433 2823 110
1455 2790 1539 2822 belli
1562 2790 1691 2827 PAGU,

157 2843 311 2884 bellique
341 2844 450 2876 FLO'I'
552 2844 688 2874 turrem
718 2843 815 2880 PGU,
846 2844 1002 2874 turmam
1028 2843 1060 2873 A
1082 2840 1216 2883 aliique,
1250 2843 1394 2874 turbam
1417 2842 1528 2874 FLO'I'
1631 2844 1693 2873 111

156 2894 257 2927 nulla
271 2903 336 2935 per
350 2895 504 2927 histrum
520 2904 584 2926 om.
605 2895 631 2926 P
719 2897 780 2926 113
798 2894 874 2926 sola
889 2894 1013 2932 PFGU,
1035 2901 1138 2925 sacra
1152 2894 1270 2926 ALO'I'

1543 2951 1560 2982 Ι
