1947 3145
721 102 956 144 SATVRA
990 102 1112 143 VIII
1623 101 1681 145 73

284 219 469 262 fumosos
492 220 692 274 equitum
717 235 816 262 cum
841 220 1048 262 dictatore
1071 219 1310 274 magistros,

284 296 320 336 si
343 310 483 337 coram
507 296 680 350 Lepidis
703 296 814 337 male
837 296 1036 337 uiuitur?
1105 295 1262 349 effigies
1287 307 1370 348 quo

173 381 213 412 10
282 375 349 413 tot
373 372 642 421 bellatorum,
666 372 703 413 si
726 371 892 413 luditur
915 371 1006 412 alea
1029 384 1192 426 pernox

283 452 384 488 ante
408 447 712 496 Numantinos,
735 447 772 488 si
797 447 980 488 dormire
1004 446 1158 500 incipis
1183 449 1281 486 ortu

283 521 462 571 luciferi,
486 536 570 576 quo
593 522 716 577 signa
741 522 867 563 duces
891 526 934 563 et
959 526 1097 562 castra
1121 521 1383 562 mouebant?

283 610 357 637 cur
379 597 661 652 Allobrogicis
685 601 728 638 et
751 610 906 651 magna
930 596 1113 652 gaudeat
1137 609 1210 636 ara

282 677 412 713 natus
435 672 482 712 in
506 672 720 713 Herculeo
745 672 902 713 Fabius
926 672 1024 720 lare,
1049 672 1085 712 si
1110 671 1303 725 cupidus,
1327 670 1364 711 si

172 757 210 787 15
280 760 417 788 uanus
440 752 484 788 et
508 747 712 802 Euganea
736 747 1019 801 quantumuis
1044 746 1213 787 mollior
1236 759 1358 801 agna,

282 822 318 863 si
343 827 540 864 tenerum
564 823 744 864 attritus
770 822 993 864 Catinensi
1021 822 1189 876 pumice
1214 821 1410 862 lumbum

281 898 517 952 squalentis
541 898 731 939 traducit
754 912 855 938 auos
879 902 1129 952 emptorque
1154 897 1308 938 ueneni

281 972 517 1028 frangenda
541 974 742 1014 miseram
767 973 957 1014 funestat
981 973 1168 1027 imagine
1193 973 1398 1026 gentem?

282 1053 374 1089 tota
398 1048 500 1090 licet
524 1054 691 1090 ueteres
715 1053 923 1089 exornent
948 1048 1138 1102 undique
1163 1061 1280 1089 cerae

168 1133 210 1163 20
279 1124 402 1173 atria,
426 1124 630 1165 nobilitas
654 1124 741 1164 sola
765 1129 831 1164 est
855 1128 983 1177 atque
1008 1124 1135 1163 unica
1160 1123 1312 1164 uirtus.

281 1199 442 1239 Paulus
465 1198 535 1239 uel
561 1198 715 1239 Cossus
738 1198 808 1239 uel
832 1198 1002 1239 Drusus
1026 1198 1215 1239 moribus
1238 1201 1340 1246 esto,

282 1274 360 1314 hos
383 1278 484 1314 ante
507 1273 668 1328 effigies
692 1273 905 1314 maiorum
929 1287 1038 1327 pone
1064 1278 1246 1320 tuorum,

280 1348 535 1403 praecedant
558 1349 672 1402 ipsas
691 1348 759 1388 illi
783 1353 826 1389 te
850 1348 1021 1389 consule
1047 1348 1200 1402 uirgas.

278 1425 416 1478 prima
440 1423 550 1465 mihi
575 1424 700 1464 debes
724 1424 859 1464 animi
883 1423 1003 1464 bona.
1074 1428 1247 1463 sanctus
1271 1422 1416 1463 haberi

166 1509 208 1540 25
280 1499 557 1553 iustitiaeque
581 1504 712 1540 tenax
738 1499 863 1539 factis
888 1498 1098 1552 dictisque
1123 1498 1328 1538 mereris?

278 1588 458 1629 agnosco
482 1588 722 1629 procerem3
759 1574 887 1623 salue,
913 1574 1145 1623 Gaetulice,
1170 1587 1245 1614 seu
1269 1579 1318 1614 tu

278 1649 477 1691 Silanus:
513 1663 780 1703 quocumque
805 1649 892 1690 alto
917 1649 968 1690 de
993 1649 1203 1704 sanguine
1225 1662 1346 1689 rarus

278 1725 386 1766 ciuis
409 1729 452 1766 et
476 1725 668 1780 egregius
692 1725 857 1778 patriae
881 1724 1094 1779 contingis
1119 1724 1281 1772 ouanti,

279 1800 516 1841 exclamare
540 1800 646 1841 libet
671 1800 857 1854 populus
881 1799 994 1853 quod
1018 1799 1177 1840 clamat
1203 1799 1318 1839 Osiri

166 1886 209 1917 30
277 1875 466 1917 inuento.
536 1875 633 1929 quis
658 1875 773 1916 enim
798 1888 1052 1929 generosum
1077 1874 1234 1915 dixerit
1258 1874 1375 1914 hunc
1400 1874 1474 1927 qui

279 1950 485 2005 indignus
509 1964 659 2006 genere
683 1955 726 1991 et
750 1950 963 2004 praeclaro
987 1950 1159 1991 nomine
1183 1953 1358 1990 tantum

279 2026 494 2080 insignis?
562 2039 722 2066 nanum
746 2025 968 2066 cuiusdam
992 2025 1179 2065 Atlanta
1203 2037 1417 2072 uocamus,

278 2101 538 2155 Aethiopem
563 2100 772 2155 Cycnum,
795 2114 971 2154 prauam
997 2105 1290 2153 extortamque
1314 2098 1503 2153 puellam

279 2177 503 2231 Europen3
538 2177 715 2217 canibus
738 2176 874 2231 pigris
899 2176 1120 2230 scabieque
1146 2180 1318 2217 uetusta

166 2263 208 2294 35
277 2252 445 2293 leuibus
469 2256 512 2292 et
537 2253 668 2293 siccae
693 2252 983 2292 lambentibus
1007 2265 1078 2292 ora
1102 2251 1296 2292 lucernae

279 2341 435 2369 nomen
458 2327 542 2368 erit
565 2327 730 2381 pardus,
755 2327 892 2381 tigris,
916 2327 992 2376 leo,
1017 2327 1053 2367 si
1079 2327 1183 2381 quid
1206 2327 1348 2367 adhuc
1372 2332 1436 2367 est

209 2472 228 2500 8
252 2468 407 2499 fumosos
429 2467 490 2504 PF,
514 2467 668 2498 famosos
691 2465 738 2505 Ψ,
758 2466 921 2498 flamosos
946 2467 996 2505 (la
1019 2476 1059 2497 ex
1081 2467 1180 2505 corr.)
1197 2467 1229 2498 U
1318 2470 1357 2498 11
1374 2468 1456 2498 ortu
1471 2467 1508 2505 P,
1528 2468 1629 2498 ortus
1644 2464 1683 2497 Ψ

231 2523 272 2551 17
294 2519 455 2550 traducit
476 2519 600 2555 PSAU,
628 2519 792 2558 producit
816 2517 864 2556 Ψ,
883 2519 1056 2558 producat
1079 2519 1107 2550 T
1195 2522 1235 2550 19
1259 2520 1315 2550 tot
1338 2519 1422 2550 licet
1447 2530 1464 2546 κ
1479 2530 1497 2546 ÷÷
1525 2519 1552 2550 P
1639 2522 1682 2550 27

141 2571 217 2603 aito
240 2570 284 2603 H.
310 2569 536 2606 Richardsius‚
562 2571 632 2601 alio
657 2568 732 2605 ΡΨ,
757 2572 796 2601 ut
823 2570 858 2600 in
882 2570 998 2601 ceteris
1022 2580 1055 2600 se
1080 2570 1253 2610 εὑρήκαμεν
1276 2571 1494 2610 συγχαίρομεν
1518 2569 1681 2601 exclama-

145 2626 261 2655 turum
283 2621 376 2654 dicat
400 2626 506 2664 poeta,
537 2621 729 2653 Gaetulicos
757 2627 868 2653 autem
897 2624 931 2653 et
958 2621 1090 2653 Silanos
1113 2622 1277 2664 excipiat;
1308 2621 1399 2664 quod
1430 2619 1680 2654 incommodum

142 2677 182 2706 ut
197 2673 354 2706 deuitent
369 2672 527 2705 nonnulli
543 2672 701 2704 leuiorem
718 2675 796 2714 post
816 2673 965 2711 Silanus,
983 2673 1170 2714 grauiorem
1194 2675 1270 2715 post
1293 2674 1411 2705 ouanti
1426 2673 1681 2705 distinctionem

142 2728 284 2768 ponunt,
302 2736 371 2757 non
394 2725 507 2756 minus
530 2723 791 2756 intolerabiliter
814 2725 935 2756 omissa
956 2725 1122 2766 particula
1145 2724 1351 2757 disiunctiua
1369 2726 1484 2764 (salue,
1504 2725 1680 2761 Gaetulice,

140 2787 199 2808 seu
213 2780 252 2808 tu
269 2778 422 2812 Silanus,
446 2786 645 2817 quocumque
666 2777 735 2807 alio
750 2777 788 2807 de
806 2778 969 2816 sanquine
987 2778 1171 2816 cantiuyis).
1210 2778 1277 2808 alto
1292 2788 1315 2808 a
1329 2778 1492 2817 sanquine
1510 2775 1680 2817 Vergilius

142 2827 233 2861 dixit
248 2829 330 2861 Aen.
352 2837 393 2861 1v
410 2830 483 2867 230,
503 2837 528 2859 v
545 2830 594 2867 45,
617 2837 656 2860 VI
674 2830 736 2860 500
752 2840 760 2866 3
783 2829 875 2859 alius
891 2831 925 2860 et
940 2829 1030 2860 altus
1045 2829 1081 2860 in
1105 2829 1277 2861 quenalis
1292 2829 1388 2861 libris
1405 2828 1542 2861 confusa
1558 2830 1640 2860 sunt
1656 2836 1681 2859 x

145 2880 207 2912 150
295 2885 336 2913 33
351 2889 502 2921 prauam
518 2881 635 2913 FGTU
651 2883 685 2912 et
703 2880 757 2920 (ra
772 2880 809 2912 in
830 2879 946 2920 litura)
963 2882 999 2920 P,
1019 2890 1170 2921 paruam
1185 2882 1271 2914 ALO
