1947 3145
161 525 202 556 35

166 901 207 932 40

171 1278 211 1308 45

175 1655 216 1685 50

178 2031 219 2063 55

707 94 940 136 SATVRA
977 93 1092 134 XIV
1579 91 1599 130 1
1612 90 1635 130 2
1644 90 1668 131 5

270 215 329 257 sic
351 220 507 255 natura
531 214 674 254 iubet:
711 213 895 253 uelocius
919 216 961 252 et
984 211 1115 252 citius
1139 223 1215 250 nos

271 293 553 344 corrumpunt
578 289 785 329 uitiorum
809 287 1002 340 exempla
1026 285 1267 333 domestica,
1290 283 1459 338 magnis

270 379 368 406 cum
393 365 573 406 subeant
596 363 759 404 animos
783 362 1038 403 auctoribus.
1109 374 1219 401 unus
1243 363 1286 400 et
1310 358 1419 399 alter

273 439 454 481 forsitan
477 439 580 480 haec
603 442 804 492 spernant
828 438 1019 485 iuuenes,
1044 436 1201 490 quibus
1225 439 1316 475 arte
1341 432 1523 488 benigna

272 519 317 556 et
340 514 513 556 meliore
538 513 630 554 luto
655 513 784 553 finxit
807 511 1047 566 praecordia
1072 511 1214 559 Titan,

274 589 346 630 sed
369 589 553 643 reliquos
576 587 776 643 fugienda
800 591 976 641 patrum
1001 586 1186 640 uestigia
1210 585 1375 625 ducunt

274 670 319 706 et
342 668 577 705 monstrata
601 664 674 704 diu
698 662 853 704 ueteris
878 662 1013 703 trahit
1038 661 1179 701 orbita
1203 660 1363 714 culpae.

275 740 487 780 abstineas
510 739 646 794 igitur
670 737 949 788 damnandis;
985 736 1113 777 huius
1137 735 1252 776 enim
1277 734 1347 775 uel

276 828 363 856 una
386 818 537 868 potens
562 814 671 854 ratio
694 818 769 862 est,
793 826 846 853 ne
870 812 1051 853 crimina
1075 815 1220 851 nostra
1246 813 1480 863 sequantur

276 904 327 931 ex
353 890 473 931 nobis
497 890 659 945 geniti3
694 889 898 943 quoniam
923 887 1077 928 dociles
1101 885 1324 926 imitandis

279 966 478 1020 turpibus
502 979 550 1006 ac
573 964 718 1019 prauis
743 978 888 1005 omnes
913 976 1071 1011 sumus,
1094 966 1137 1002 et
1163 960 1398 1002 Catilinam

280 1054 550 1096 quocumque
574 1040 620 1080 in
644 1040 800 1094 populo
824 1038 982 1087 uideas,
1006 1049 1274 1092 quocumque
1299 1035 1378 1076 sub
1403 1048 1494 1083 axe,

281 1116 352 1158 sed
376 1130 452 1157 nec
476 1117 640 1157 Brutus
664 1116 746 1156 erit
771 1115 897 1155 Bruti
922 1127 998 1154 nec
1022 1112 1264 1154 auunculus
1288 1125 1480 1166 usquam.

282 1191 345 1232 nil
369 1191 489 1232 dictu
512 1191 683 1232 foedum
707 1190 888 1243 uisuque
912 1189 1014 1229 haec
1038 1188 1191 1228 limina
1216 1191 1366 1242 tangat

281 1267 396 1308 intra
420 1280 528 1321 quae
552 1270 673 1320 pater
697 1279 750 1306 es,
819 1265 975 1318 procul,
999 1278 1024 1304 a
1047 1263 1194 1318 procul
1218 1263 1318 1303 inde
1343 1262 1510 1316 puellae

283 1342 483 1383 lenonum
507 1346 550 1382 et
573 1346 724 1382 cantus
747 1340 1039 1395 pernoctantis
1062 1339 1251 1393 parasiti.

283 1418 470 1459 maxima
493 1417 669 1459 debetur
692 1430 820 1471 puero
845 1416 1095 1464 reuerentia,
1119 1415 1155 1456 si
1181 1414 1287 1469 quid

284 1498 409 1548 turpe
433 1506 582 1547 paras3
617 1506 692 1534 nec
718 1497 766 1533 tu
790 1493 911 1546 pueri
934 1491 1238 1545 contempseris
1263 1503 1407 1539 annos,

285 1568 358 1610 sed
380 1573 605 1623 peccaturo
629 1568 768 1609 obstet
793 1567 874 1608 tibi
900 1567 1012 1607 filius
1038 1566 1190 1606 infans,

285 1658 384 1685 nam
409 1644 445 1685 si
470 1643 576 1697 quid
600 1643 777 1697 dignum
800 1642 980 1683 censoris
1006 1641 1152 1682 fecerit
1176 1641 1240 1680 ira

286 1719 541 1774 quandoque
566 1724 609 1759 et
634 1717 818 1759 similem
843 1717 924 1758 tibi
950 1730 993 1757 se
1018 1730 1106 1756 non
1130 1728 1299 1769 corpore
1324 1719 1497 1756 tantum

285 1808 360 1835 nec
384 1794 514 1835 uultu
536 1793 713 1842 dederit,
737 1806 901 1833 morum
926 1805 1096 1846 quoque
1120 1791 1234 1832 filius
1257 1795 1300 1831 et
1324 1790 1398 1844 qui

288 1870 430 1911 omnia
454 1868 637 1909 deterius
662 1873 737 1909 tua
760 1881 835 1921 per
860 1867 1043 1920 uestigia
1065 1870 1221 1920 peccet,

289 1943 488 1998 corripies
512 1942 718 1983 nimirum
742 1946 785 1982 et
809 1941 1036 1995 castigabis
1061 1940 1205 1981 acerbo

287 2020 466 2061 clamore
490 2033 537 2060 ac
561 2023 657 2073 post
681 2018 783 2059 haec
809 2017 977 2058 tabulas
1001 2021 1166 2058 mutare
1191 2016 1369 2070 parabis.

292 2095 407 2136 unde
431 2094 513 2136 tibi
537 2094 716 2134 frontem
742 2093 1066 2146 libertatemque
1090 2091 1290 2145 parentis,

290 2184 387 2212 cum
411 2170 539 2211 facias
561 2169 705 2224 peiora
728 2182 854 2209 senex
880 2181 1149 2221 uacuumque
1171 2166 1340 2207 cerebro

292 2246 378 2286 iam
402 2245 569 2299 pridem
592 2248 723 2298 caput
747 2244 825 2284 hoc
849 2247 1029 2284 uentosa
1052 2242 1277 2283 cucurbita
1300 2242 1508 2295 quaerat?

223 2403 264 2431 33
288 2399 439 2431 subeant
461 2395 508 2435 Ψ,
529 2397 686 2428 subuant
708 2396 742 2434 Γ,
760 2395 913 2427 subeunt
936 2395 962 2426 P
985 2393 1132 2436 aliique;
1156 2396 1192 2425 at
1208 2403 1338 2435 semper
1353 2393 1484 2435 magnis
1500 2393 1696 2426 auctoribus

155 2450 288 2483 animos
312 2449 458 2481 subeunt
482 2447 635 2490 exempla
659 2446 843 2478 domestica
930 2447 1066 2478 animos
1089 2445 1136 2485 Ψ,
1164 2447 1304 2477 animus
1327 2445 1361 2484 F,
1389 2446 1518 2478 animis
1539 2446 1566 2478 P
1653 2449 1696 2478 34

158 2503 331 2543 spernant
353 2499 402 2539 Ψ,
429 2501 576 2540 spernat
598 2500 637 2537 Τ,
664 2500 811 2538 sperant
834 2499 885 2529 PS
974 2502 1014 2530 38
1037 2498 1248 2529 damnandis
1271 2498 1377 2529 huius
1401 2498 1495 2529 enim
1520 2497 1576 2530 ΡΟ
1600 2499 1635 2529 et
1656 2498 1698 2529 ut

156 2552 296 2586 uidetur
325 2553 366 2591 U,
400 2552 540 2584 damnis
569 2551 715 2582 huiusce
746 2550 878 2581 etenim
904 2547 941 2580 Ψ
1028 2553 1070 2581 43
1096 2558 1248 2589 usquam
1277 2547 1324 2587 Ψ,
1355 2557 1524 2589 umquam
1557 2549 1643 2582 Psu

202 2609 244 2637 45
267 2606 374 2645 pater
397 2612 435 2636 es
459 2602 644 2641 Cramerus,
673 2602 732 2633 ubi
755 2601 849 2642 filios
872 2601 968 2632 habes
992 2598 1030 2639 Σ,
1060 2603 1165 2641 pater
1189 2602 1246 2632 est
1269 2599 1345 2639 ΡΨ,
1373 2609 1462 2641 puer
1485 2602 1542 2633 est
1565 2602 1598 2633 A
1621 2599 1692 2632 flor.

161 2655 313 2689 Parisina
400 2656 447 2687 ah
469 2654 653 2690 Cramerus,
679 2662 721 2685 ac
746 2653 866 2690 PFOT,
896 2653 962 2683 hac
986 2652 1084 2691 AGL,
1112 2650 1152 2683 de
1177 2653 1208 2684 U
1231 2651 1320 2683 nihil
1347 2654 1523 2684 enotatum
1546 2651 1654 2684 habeo

245 2712 288 2741 49
318 2708 436 2740 obstet
465 2707 492 2738 P
524 2705 620 2737 Laur.
648 2713 769 2736 xxxw
799 2706 840 2735 42
871 2703 1004 2745 aliique,
1030 2704 1151 2735 abstet
1180 2705 1221 2735 ut
1249 2702 1386 2735 uidetur
1408 2704 1449 2741 U,
1474 2704 1625 2736 obsistet
1654 2704 1693 2742 ¹1¹,

155 2759 314 2792 obsistat
328 2757 366 2790 Ψ
454 2761 495 2789 51
513 2757 722 2797 quandoque
737 2756 764 2787 P
782 2755 866 2787 Brit.
888 2754 993 2787 11672
1010 2753 1080 2786 flor.
1102 2754 1264 2794 Parisina,
1285 2755 1569 2796 quandoquidem
1584 2753 1622 2786 Ψ

204 2814 246 2842 52
261 2818 398 2852 quoque
415 2809 537 2847 PFTU,
554 2809 623 2840 tibi
638 2808 754 2839 AGLO
842 2807 904 2847 qui
925 2807 980 2838 PT
995 2805 1130 2847 aliique,
1151 2815 1230 2838 cum
1245 2805 1283 2838 Ψ
1300 2805 1355 2846 (de
1370 2807 1402 2839 U
1417 2805 1506 2838 nihil
1521 2807 1699 2839 enotatum

161 2861 282 2902 habeo)
