1947 3145
260 86 320 125 94
858 80 1185 122 IVVENALIS

257 213 317 245 150
386 215 532 243 rursus
555 201 608 241 ad
632 201 898 253 Aethiopum
923 198 1101 252 populos
1124 197 1311 251 aliosque
1335 197 1596 251 elephantos.

387 277 560 318 additur
586 275 777 329 imperiis
802 273 1023 327 Hispania,
1048 273 1314 326 Pyrenaeum

391 352 591 393 transilit.
662 349 859 403 opposuit
883 352 1040 388 natura
1065 347 1303 401 Alpemque
1328 347 1581 401 niuemque:

390 427 554 468 diducit
579 423 772 478 scopulos
798 428 841 464 et
865 427 1055 463 montem
1080 423 1244 476 rumpit
1268 426 1395 463 aeeto.

390 504 475 544 iam
500 505 618 542 tenet
644 499 833 547 Italiam,
860 503 1005 539 tamen
1030 498 1146 538 ultra
1169 512 1340 553 pergere
1365 498 1516 538 tendit.

259 590 318 620 155
389 583 397 598 ‘
413 577 498 618 aeti
514 576 522 591 '
547 575 690 629 inquit
714 579 722 593 ‘
739 573 852 614 nihil
877 578 952 622 est,
977 573 1062 614 nisi
1087 574 1227 614 Poeno
1252 573 1392 613 milite
1416 577 1562 626 portas

389 651 625 706 frangimus
649 654 692 689 et
716 648 857 688 media
880 647 1091 688 uexillum
1117 661 1226 701 pono
1251 647 1442 689 Subura.'

390 741 412 767 o
439 725 578 780 qualis
603 724 731 764 facies
755 728 798 763 et
823 722 943 777 quali
967 723 1096 777 digna
1122 722 1291 772 tabella,

388 815 484 843 011111
510 798 693 841 Gaetula
717 798 868 839 ducem
891 802 1083 852 portaret
1107 797 1233 838 belua
1258 797 1448 838 luseum!

388 877 531 917 exitus
556 888 654 929 ergo
678 874 775 928 quis
799 876 896 914 est?
964 886 987 913 o
1012 873 1171 927 gloria!
1241 872 1434 913 uincitur
1458 871 1571 912 idem

257 964 317 994 160
387 964 537 1005 nempe
561 954 604 991 et
629 950 675 989 in
701 949 880 989 exilium
903 961 1099 1002 praeceps
1124 947 1239 1002 fugit
1264 951 1392 1001 atque
1417 946 1478 987 ibi
1501 959 1684 1002 magnus

386 1025 691 1078 mirandusque
716 1023 847 1064 eliens
872 1022 990 1063 sedet
1014 1022 1067 1062 ad
1092 1022 1303 1076 praetoria
1327 1023 1449 1077 regis,

388 1101 520 1142 donee
543 1099 735 1153 Bithyno
759 1098 892 1139 libeat
917 1097 1100 1152 uigilare
1125 1102 1323 1151 tyranno.

389 1177 518 1216 finem
543 1175 722 1223 animae,
747 1186 854 1227 quae
879 1186 944 1213 res
970 1173 1182 1213 humanas
1206 1172 1382 1213 miscuit
1407 1172 1522 1221 olim,

388 1265 472 1292 non
498 1250 643 1305 gladii,
667 1263 753 1290 non
779 1262 880 1289 saxa
904 1247 1069 1288 dabunt
1093 1261 1167 1288 1100
1192 1247 1289 1296 tela,
1314 1247 1385 1288 sed
1409 1246 1482 1288 ille

256 1338 316 1369 165
388 1326 633 1367 Cannarum
658 1323 821 1365 uindex
845 1328 889 1364 et
913 1323 1029 1364 tanti
1055 1323 1277 1378 sanguinis
1302 1323 1419 1363 ultor

387 1401 552 1442 anulus.
623 1400 650 1448 i,
675 1399 857 1447 demens,
876 1403 919 1439 et
944 1411 1090 1438 saeuas
1114 1411 1235 1438 011110
1259 1410 1334 1452 per
1358 1397 1490 1451 Alpes

388 1481 438 1518 ut
463 1476 608 1530 pueris
631 1474 798 1529 placeas
822 1478 866 1514 et
890 1473 1144 1514 deelamatio
1170 1473 1256 1513 fias.

387 1565 497 1592 unus
521 1550 689 1591 Pellaeo
714 1549 863 1590 iuueni
887 1563 973 1589 non
997 1548 1154 1589 suffieit
1179 1547 1303 1597 orbis,

386 1631 553 1668 aestuat
578 1625 731 1666 infelix
755 1628 939 1679 angusto
964 1623 1104 1664 limite
1129 1622 1282 1663 mundi

254 1713 315 1745 170
385 1708 434 1743 ut
460 1703 624 1757 Gyarae
648 1700 818 1741 clausus
842 1699 1025 1753 seopulis
1050 1712 1266 1752 paruaque
1292 1698 1500 1752 Seriph03

385 1792 482 1819 eum
506 1783 653 1818 tamen
676 1790 700 1816 a
725 1774 868 1829 figulis
892 1774 1108 1815 munitam
1133 1774 1365 1814 intrauerit
1389 1773 1538 1813 urbem

386 1853 642 1906 sarcophago
666 1854 896 1891 contentus
920 1850 1012 1890 erit.
1082 1862 1196 1889 mors
1220 1848 1308 1889 sola
1332 1848 1492 1888 fatetur

387 1927 596 1983 quantula
620 1927 709 1967 sint
733 1925 960 1966 hominum
985 1923 1244 1978 corpuscula.
1313 1923 1504 1964 ereditur
1529 1922 1633 1963 olim

386 2003 626 2044 uelifieatus
648 2002 790 2042 Athos
815 2005 859 2041 et
884 1999 1097 2054 quidquid
1123 1999 1300 2040 Graecia
1324 1998 1510 2038 mendax

255 2089 316 2120 175
386 2078 516 2119 audet
540 2078 587 2118 in
611 2077 818 2126 historia3
854 2079 1122 2116 constratum
1146 2074 1352 2115 classibus
1377 2073 1511 2114 isdem

319 2186 381 2214 150
395 2182 552 2221 aliosque
568 2179 605 2212 Ψ
626 2179 726 2211 Prisc.
752 2178 877 2211 G.L.K.
901 2187 929 2210 11
954 2188 985 2220 p.
1007 2177 1079 2216 217,
1100 2178 1263 2218 altosque
1286 2178 1345 2209 PA
1432 2180 1495 2208 152
1511 2176 1671 2217 inposuit
1687 2174 1788 2207 Prisc.

255 2233 384 2266 G.L.K.
405 2241 434 2264 11
456 2243 487 2274 p.
507 2233 578 2270 328,
599 2232 836 2272 adposuitque
860 2229 961 2261 schol.
988 2229 1066 2261 Luc.
1092 2238 1104 2260 1
1129 2231 1189 2261 481
1280 2233 1342 2261 153
1366 2229 1502 2261 diducit
1518 2226 1618 2267 Psw,
1645 2228 1790 2260 deducit

254 2287 288 2324 P,
306 2286 448 2317 diduxit
470 2284 538 2315 flor.
561 2283 713 2315 Parisina
736 2282 869 2324 aliique,
894 2281 1020 2313 G.L.K.
1041 2289 1112 2312 VIII
1137 2291 1170 2322 p.
1198 2280 1260 2313 217
1361 2281 1498 2321 rumpit
1520 2280 1673 2318 PFOTU,
1690 2280 1791 2320 rupit

254 2338 342 2370 ALG·
368 2336 437 2367 flor.
473 2335 634 2374 Parisina‚
670 2334 796 2366 G.L.K.
831 2332 928 2372 ibid.,
963 2332 1066 2364 schol.
1093 2332 1171 2364 Luc.
1202 2341 1214 2363 1
1243 2333 1304 2364 183
1337 2334 1371 2364 et
1402 2334 1464 2364 255
1553 2336 1616 2364 155
1641 2332 1715 2363 aeti
1737 2329 1785 2370 Ψ,

254 2391 375 2421 actum
390 2389 455 2426 PT,
476 2397 587 2418 erasus
603 2388 637 2418 F.
684 2385 763 2417 uide
780 2386 856 2417 Sen.
872 2384 960 2416 Med.
979 2386 1039 2416 993
1057 2386 1110 2416 nil
1125 2385 1235 2415 adhuc
1245 2385 1353 2424 facti
1370 2383 1455 2423 (eod.
1473 2383 1643 2422 Etruscus,
1661 2384 1790 2421 factum

255 2440 448 2478 deteriores)
464 2449 545 2477 reor,
567 2438 639 2470 Liu.
658 2447 767 2469 XXXII
792 2438 832 2470 37
853 2439 871 2469 5
894 2447 969 2468 cum
990 2437 1172 2467 mandati
1195 2436 1259 2467 sibi
1281 2437 1319 2467 de
1342 2437 1389 2467 eis
1410 2436 1614 2468 ‘nominatim
1636 2437 1790 2475 negarent

254 2494 443 2534 quicquam,
475 2490 555 2521 Hor.
580 2500 681 2521 carm.
709 2498 722 2520 1
751 2491 769 2520 3
803 2490 842 2522 37
873 2489 927 2520 nil
956 2489 1154 2520 mortalibus
1184 2488 1307 2519 ardui
1338 2488 1501 2527 (arduum
1530 2486 1603 2526 alii)
1626 2489 1678 2524 est,
1707 2486 1789 2518 item

253 2544 378 2586 passim
401 2542 493 2574 nihil
515 2541 667 2582 reliqui
688 2542 770 2581 fecit
801 2539 999 2582 similiaque.
1029 2539 1144 2571 eodem
1175 2549 1274 2570 sensu
1304 2549 1371 2581 quo
1403 2538 1584 2570 Sallustius
1609 2537 1680 2579 Iug.
1706 2536 1747 2569 76
1771 2539 1790 2568 4

250 2604 389 2638 prorsus
415 2593 455 2624 ab
481 2593 630 2632 utrisque
652 2592 744 2623 nihil
770 2592 939 2631 reliquum
958 2591 1048 2631 fieri.
1097 2593 1213 2622 utrum
1238 2590 1273 2621 in
1297 2590 1442 2622 alterum
1464 2589 1635 2621 abiturum
1659 2589 1755 2620 erat?

343 2650 406 2678 160
428 2645 523 2684 fugit
549 2644 678 2681 PAGU,
711 2644 787 2674 abit
818 2644 886 2680 OT,
912 2642 995 2673 item
1022 2643 1047 2674 P
1073 2642 1310 2682 (habitatque)
1342 2644 1376 2673 et
1406 2643 1446 2672 ut
1476 2639 1612 2671 uidetur
1636 2640 1672 2678 L,
1700 2639 1790 2681 quod

255 2708 358 2740 aeque
389 2697 515 2728 bonum
539 2698 589 2726 est
677 2698 739 2726 164
762 2703 825 2725 nee
848 2695 940 2732 PFG,
967 2703 1037 2725 non
1060 2695 1185 2732 ALOT,
1213 2692 1253 2724 de
1278 2694 1308 2725 U
1332 2691 1420 2723 nihil
1443 2693 1618 2723 enotatum
1641 2690 1748 2723 habeo

301 2754 363 2782 166
393 2750 406 2780 i
437 2757 500 2778 om.
535 2747 562 2778 P
664 2749 726 2776 170
757 2754 888 2784 gyarae
913 2744 959 2783 Ψ,
995 2754 1099 2784 cyare
1134 2745 1199 2783 PG,
1234 2745 1336 2784 gyari
1366 2744 1435 2775 fior.
1468 2742 1620 2774 Parisina
1650 2741 1790 2774 fortasse

256 2804 343 2833 recte
447 2802 508 2831 173
546 2797 697 2829 hominis
727 2797 786 2827 AT
890 2800 951 2827 175
988 2800 1049 2828 176
1088 2795 1285 2837 interpunxi
1315 2797 1355 2825 ut
1385 2794 1476 2835 prius
1507 2793 1723 2826 enuntiatum
1754 2793 1791 2825 in

254 2851 422 2894 quidquid
441 2849 579 2882 Graecia
594 2849 702 2885 audet,
721 2847 863 2879 alterum
880 2847 915 2878 in
932 2850 1041 2878 cantat
1057 2857 1140 2887 quae
1156 2847 1323 2878 Sostratus
1339 2846 1478 2878 finiatur
