1947 3145
218 108 275 149 20
815 103 1143 145 IVVENALIS

215 234 276 266 205
346 223 578 264 cantharus
603 227 646 263 et
670 222 872 262 recubans
897 221 975 261 sub
1001 220 1146 261 eodem
1173 234 1190 260 e
1216 233 1423 260 marmore
1449 219 1621 267 Chiron,

348 299 518 352 iamque
543 302 665 338 uetus
692 297 873 337 Graecos
897 295 1096 336 seruabat
1120 295 1226 336 cista
1252 295 1419 336 libellos

347 378 389 415 et
414 373 562 414 diuina
586 372 696 426 opici
720 370 928 411 rodebant
953 370 1142 410 carmina
1166 383 1318 411 mures.

349 449 412 489 nil
437 448 589 488 habuit
615 446 787 494 Codrus,
813 445 908 499 quis
932 445 1048 485 enim
1074 447 1234 499 negat?
1302 449 1346 485 et
1372 449 1516 485 tamen
1540 443 1649 484 illud

347 523 534 578 perdidit
559 521 712 562 infelix
738 525 878 561 totum
903 520 1025 561 nihil.
1095 520 1276 561 ultimus
1300 524 1443 560 autem

211 610 274 641 210
344 610 570 640 aerumnae
594 600 658 637 est
682 595 878 636 cumulus
903 595 1014 650 quod
1038 595 1200 636 nudum
1225 600 1268 636 et
1293 595 1430 636 frusta
1454 598 1676 649 rogantem

346 687 470 714 nemo
494 672 597 720 cibo,
622 684 745 712 nemo
768 671 954 723 hospitio
979 675 1173 724 tectoque
1199 671 1378 711 iuuabit.

346 749 381 790 si
406 760 560 802 magna
585 746 779 787 Asturici
804 745 957 786 cecidit
982 745 1145 794 domus,
1171 745 1345 785 horrida
1369 748 1516 792 mater,

344 822 502 878 pullati
527 834 728 875 proceres,
753 820 894 861 differt
920 820 1166 860 uadimonia
1190 825 1368 874 praetor.

345 903 439 939 tum
463 897 673 952 gemimus
696 909 817 936 casus
841 895 970 943 urbis,
995 899 1099 936 tunc
1124 895 1291 935 odimus
1317 895 1473 949 ignem.

211 985 272 1016 215
342 973 463 1014 ardet
487 972 636 1020 adhuc,
662 976 704 1011 et
729 971 815 1011 iam
840 971 1021 1011 accurrit
1046 971 1120 1024 qui
1144 984 1357 1010 marmora
1382 970 1521 1018 donet,

345 1048 537 1089 conferat
561 1048 783 1101 inpensas3
819 1046 889 1086 hic
913 1046 1028 1085 nuda
1053 1050 1095 1086 et
1119 1045 1301 1086 candida
1326 1045 1459 1099 signa,

345 1124 416 1164 hic
440 1122 601 1176 aliquid
625 1121 892 1176 praedarum,
917 1121 1208 1174 Euphranoris
1233 1124 1276 1161 et
1301 1119 1503 1173 Polycliti

343 1212 452 1246 aera,
478 1198 735 1238 Asianorum
762 1200 907 1237 uetera
931 1199 1181 1236 ornamenta
1205 1195 1390 1244 deorum,

347 1274 418 1315 hic
442 1273 574 1313 libros
599 1273 717 1312 dabit
743 1276 785 1312 et
811 1271 971 1312 forulos
995 1271 1263 1324 mediamque
1289 1270 1545 1317 Mineruam,

211 1360 273 1390 220
343 1349 414 1389 hic
438 1348 628 1388 modium
653 1347 829 1402 argenti.
899 1347 1074 1387 meliora
1099 1360 1146 1386 ac
1171 1346 1295 1400 plura
1319 1345 1487 1399 reponit

345 1424 541 1464 Persicus
565 1423 763 1463 orborum
788 1422 1054 1462 lautissimus
1078 1425 1121 1462 et
1146 1421 1299 1461 merito
1324 1421 1410 1460 iam

345 1502 565 1552 suspectus
591 1502 810 1551 tamquam
835 1497 924 1550 ipse
949 1510 1045 1536 suas
1069 1496 1308 1537 incenderit
1332 1495 1463 1536 aedes.

346 1574 382 1615 si
407 1579 526 1628 potes
550 1573 677 1614 auelli
702 1573 974 1620 circensibus,
999 1572 1160 1625 optima
1186 1571 1313 1611 Sorae

345 1653 420 1690 aut
446 1648 718 1689 Fabrateriae
743 1648 893 1688 domus
918 1651 994 1687 aut
1020 1647 1254 1687 Frusinone
1279 1650 1457 1700 paratur

210 1735 274 1766 225
344 1724 500 1778 quanti
525 1737 642 1763 nunc
667 1723 861 1763 tenebras
886 1736 1024 1762 unum
1050 1721 1250 1762 conducis
1275 1721 1320 1761 in
1345 1735 1517 1761 annum.

346 1799 545 1840 hortulus
570 1799 639 1838 hic
663 1803 901 1852 puteusque
925 1797 1066 1837 breuis
1091 1810 1167 1837 nec
1192 1801 1302 1837 reste
1327 1796 1562 1837 mouendus

278 1899 341 1927 205
365 1904 383 1927 e
407 1893 533 1933 addidi,
562 1894 839 1934 quemadmodum
868 1893 968 1924 solent
992 1903 1007 1923 ο
1029 1893 1252 1923 marmoribus
1272 1893 1386 1932 facere
1408 1892 1525 1931 s'iqilla
1547 1892 1685 1923 diuersa
1707 1890 1746 1931 Σ,

212 1957 246 1979 eo
276 1947 314 1978 de,
340 1947 406 1978 iam
438 1947 473 1978 C.
499 1946 673 1978 Valesius:
706 1945 783 1976 uide
808 1954 847 1976 XI
874 1947 933 1976 123
959 1955 1007 1986 sq.
1030 1945 1161 1985 pardus
1192 1968 1199 1975 .
1236 1967 1242 1975 .
1280 1968 1286 1975 .
1321 1944 1472 1975 dentibus
1502 1954 1540 1974 ex
1569 1943 1643 1974 illis
1672 1954 1752 1984 quos

212 1999 316 2030 mittit
341 2001 439 2038 porta
465 1998 591 2037 Syenes.
643 1997 764 2028 abacus
795 2007 861 2038 qua
891 1996 1032 2028 materia
1057 1995 1158 2027 suerit
1183 1994 1277 2026 facile
1309 2005 1368 2026 nos
1398 1995 1549 2037 ignorare
1578 1995 1751 2037 patimur;

214 2052 331 2083 contra
357 2050 459 2081 nimis
486 2050 621 2081 obscure
647 2048 776 2080 dictum
808 2047 945 2079 uidetur
974 2047 1105 2079 nudum
1136 2047 1222 2079 illud
1253 2048 1409 2079 recubam
1443 2047 1566 2078 Chiron
1654 2048 1752 2079 chiro

213 2103 251 2142 P,
278 2101 367 2133 idem
393 2110 465 2132 xm
494 2102 534 2132 50
554 2102 675 2141 plzcto3
700 2099 757 2131 sed
780 2099 858 2130 uide
883 2108 895 2131 1
919 2101 969 2138 61,
991 2100 1042 2138 81,
1063 2107 1103 2130 VI
1129 2099 1178 2137 76,
1206 2100 1277 2138 153,
1300 2099 1371 2138 174,
1393 2108 1418 2130 x
1442 2100 1514 2136 221,
1537 2099 1597 2130 318
1688 2103 1756 2130 210

215 2156 271 2187 est
301 2155 327 2186 P
358 2153 427 2185 fior.
453 2153 551 2194 Sang.
583 2154 650 2189 Ao,
676 2163 741 2183 om.
770 2151 871 2183 Vind.
897 2150 934 2182 Ψ
961 2152 1097 2183 fortasse
1123 2154 1210 2182 recte
1313 2153 1350 2183 et
1379 2152 1405 2182 P
1437 2149 1540 2182 Vind.
1576 2151 1674 2189 OTU,
1710 2159 1751 2182 ac

215 2207 304 2238 AGL
391 2206 508 2237 frusta
531 2205 617 2236 GO'I'
641 2207 675 2235 et
698 2206 738 2235 ut
759 2202 895 2235 uidetur
918 2205 959 2242 U,
980 2204 1118 2235 frustra
1141 2203 1166 2234 P
1184 2202 1285 2233 Vind.
1310 2204 1377 2242 AL,
1397 2205 1578 2244 utrumque
1599 2201 1752 2244 agnoscit

216 2256 246 2289 Σ
334 2260 396 2288 212
427 2257 576 2288 asturici
606 2256 656 2287 PS
684 2254 797 2294 Vind.,
833 2256 978 2287 asterici
1009 2256 1050 2292 U,
1085 2255 1200 2286 asturi
1223 2253 1260 2285 Ψ
1350 2259 1413 2286 214
1442 2255 1520 2286 tum
1547 2255 1638 2292 Pso,
1665 2255 1752 2286 tunc

216 2307 318 2339 Vind.
332 2306 370 2338 Ψ
459 2312 521 2339 215
538 2308 693 2339 accurrit
708 2307 734 2338 P
747 2305 865 2344 Vind.,
886 2307 1040 2338 occurrit
1058 2304 1095 2336 Ψ
1184 2310 1245 2338 217
1262 2305 1512 2346 praedarum‚⁴‘
1530 2306 1755 2346 praeclarum

216 2362 242 2393 P
274 2358 367 2392 Vind
396 2358 444 2390 Ψ.
507 2358 585 2390 uide
617 2367 661 2389 111
694 2359 756 2390 285
794 2359 942 2389 multum
972 2358 1209 2398 flammarum,
1244 2366 1299 2389 vn
1332 2359 1372 2389 24
1405 2358 1573 2398 liquorum
1603 2357 1747 2397 aliquid,

217 2421 289 2444 xm
318 2413 358 2443 83
386 2411 551 2452 quidquid
581 2411 698 2441 habeut
725 2411 865 2441 telorum
962 2414 1024 2442 218
1055 2419 1138 2441 aera
1169 2408 1408 2449 asianorum,⁴⁵
1431 2410 1517 2441 haec
1547 2409 1752 2441 asianorum

216 2465 269 2497 Ps
306 2463 442 2504 aliique,
476 2465 512 2494 et
550 2463 753 2494 asianorum
790 2464 829 2493 ut
866 2461 1002 2493 uidetur
1035 2462 1072 2498 G,
1105 2463 1162 2493 hic
1199 2463 1402 2493 asianorum
1440 2461 1540 2492 Vind.
1576 2462 1614 2499 Ο,
1649 2470 1750 2502 quam

216 2515 441 2548 coniecturam
466 2513 602 2555 repetiit
626 2513 818 2554 Rupertius,
846 2515 1105 2545 fecasianorum
1127 2514 1222 2549 ALT,
1248 2513 1563 2553 phaecasianorum
1585 2513 1626 2550 U,
1649 2511 1750 2552 phae-

214 2567 417 2600 casiatorum
442 2565 476 2598 C.
506 2564 668 2603 Valesius,
698 2565 757 2606 qui
784 2564 839 2596 dei
864 2564 978 2606 quales
1003 2565 1073 2596 sint
1097 2565 1278 2606 ignoratur.
1325 2565 1401 2596 haec
1425 2567 1459 2595 et
1482 2564 1535 2595 hic
1559 2563 1618 2605 qui
1644 2561 1752 2594 edunt

214 2628 284 2650 non
300 2616 579 2649 animaduertunt
598 2616 709 2647 uerbis
725 2616 936 2647 Asianorum
959 2619 1072 2647 uetera
1094 2619 1289 2647 ornmnenta
1311 2616 1447 2647 deorum
1466 2613 1599 2646 nullum
1621 2616 1751 2646 certum

214 2680 319 2713 genus
350 2668 531 2710 significari
562 2666 653 2709 quod
679 2667 908 2705 marmoribus,
938 2667 1091 2699 candidis
1119 2668 1232 2709 signis,
1266 2667 1494 2709 Euphranoris
1525 2668 1559 2698 et
1590 2665 1751 2708 Polycliti

213 2721 368 2763 operibus
391 2719 515 2761 opponi
542 2718 658 2760 possit.
713 2729 919 2750 summorum
943 2719 1110 2750 artificum
1134 2729 1219 2758 aera,
1245 2721 1374 2760 partem
1398 2717 1581 2759 spoliorum
1605 2727 1646 2748 ex
1669 2717 1750 2749 Asia

212 2775 470 2815 reportatorum,
491 2770 595 2802 donat
612 2771 669 2812 qui
691 2781 763 2801 eam
779 2771 986 2811 prouinciam
1005 2771 1102 2803 rexit.
1152 2782 1247 2802 arcera
1269 2781 1327 2812 pro
1344 2781 1423 2801 aera
1444 2771 1469 2801 P
1486 2778 1541 2801 V11
1563 2769 1637 2808 217,
1653 2779 1749 2809 prae-

212 2826 345 2857 clarum
367 2834 426 2866 pro
448 2823 657 2864 praedarum
684 2821 754 2853 cod.
780 2822 963 2854 Vossianus
989 2824 1027 2854 18
1055 2824 1149 2861 (saec.
1179 2824 1216 2862 x)
1242 2831 1281 2854 XI
1309 2824 1366 2854 101
1457 2826 1520 2854 224
1546 2823 1698 2862 paratur
1724 2822 1750 2853 Ρ

213 2876 316 2909 Vind.
338 2876 422 2908 Brit.
442 2876 480 2907 15
499 2875 526 2906 B
542 2883 611 2913 ΧΠ,
630 2876 778 2914 paretur
794 2873 831 2905 Ψ
