1947 3145
207 101 231 147 7
240 104 264 144 Ο
805 99 1134 141 IVVENALIS

333 218 410 260 hos
434 218 549 259 inter
573 222 771 272 sumptus
795 216 988 257 sestertia
1014 214 1300 265 Quintiliano,

333 298 383 335 ut
407 293 606 342 multum,
631 293 714 333 duo
740 291 979 332 sufficient:
1014 303 1080 330 res
1105 289 1226 330 nulla
1250 288 1427 330 minoris

333 368 547 410 constabit
571 367 684 421 patri
708 379 836 420 quam
862 365 985 405 filius.
1055 368 1064 384 ‘
1081 364 1191 405 unde
1216 364 1351 418 igitur
1374 367 1439 404 tot

336 442 632 493 Quintilianus
656 441 785 480 habet
811 439 946 480 saltus
963 438 1000 479 Γ
1069 439 1264 493 exempla
1289 451 1498 479 nouorum

201 528 263 558 190
332 518 519 558 fatorum
545 515 692 557 transi.
763 514 866 554 felix
891 518 935 554 et
953 513 1100 568 pulcer
1124 518 1168 554 et
1192 527 1297 562 acer,

334 592 439 632 felix
463 595 506 631 et
531 590 697 643 sapiens
722 593 765 629 et
789 589 944 629 nobilis
968 593 1012 629 et
1036 601 1261 643 generosus

334 666 574 720 adpositam
599 664 748 718 nigrae
772 664 920 704 lunam
946 663 1140 704 subtexit
1164 664 1320 712 alutae,

334 741 439 782 felix
463 744 605 781 orator
630 752 795 793 quoque
819 739 1032 779 maximus
1056 743 1099 779 et
1123 738 1343 787 iaculator,

333 821 376 858 et
401 816 437 857 si
462 814 676 869 perfrixit,
699 818 846 855 cantat
873 814 986 854 bene.
1057 813 1191 854 distat
1215 813 1331 854 enim
1357 826 1464 867 quae

199 903 260 933 195
329 891 467 932 sidera
492 894 535 931 te
561 890 780 944 excipiant
804 889 930 930 modo
954 889 1116 943 primos
1141 888 1418 942 incipientem

332 966 455 1007 edere
480 965 653 1020 uagitus
677 969 721 1006 et
746 965 885 1005 adhuc
909 978 933 1004 a
957 969 1094 1005 matre
1118 964 1355 1004 rubentem.

332 1042 367 1082 si
393 1041 588 1082 Fortuna
612 1039 741 1088 uolet,
767 1040 840 1080 fies
865 1039 916 1080 de
934 1039 1103 1080 rhetore
1127 1038 1300 1089 consul;

333 1117 368 1157 si
393 1115 510 1157 uolet
535 1115 639 1156 haec
662 1115 821 1164 eadem,
847 1115 922 1155 fiet
947 1115 997 1155 de
1022 1114 1194 1155 consule
1218 1114 1371 1154 rhetor.

332 1191 562 1232 Ventidius
586 1190 690 1244 quid
718 1190 866 1231 enim?
934 1189 1039 1244 quid
1064 1189 1262 1230 Tullius?
1331 1201 1443 1229 anne
1467 1187 1583 1229 aliud
1607 1201 1735 1241 quam

198 1277 261 1309 200
330 1266 448 1308 sidus
471 1271 515 1307 et
540 1265 695 1307 occulti
719 1265 916 1306 miranda
940 1265 1137 1319 potentia
1161 1264 1274 1305 fati?

332 1341 467 1383 seruis
490 1354 620 1396 regna
644 1340 825 1389 dabunt,
848 1340 1035 1393 captiuis
1058 1339 1148 1380 fata
1172 1338 1453 1392 triumphum.

333 1416 439 1457 felix
463 1415 537 1456 ille
562 1420 706 1456 tamen
731 1428 859 1455 coruo
883 1427 1053 1468 quoque
1075 1414 1209 1455 rarior
1232 1413 1339 1454 albo.

333 1491 552 1546 paenituit
576 1491 737 1531 multos
762 1503 899 1531 uanae
924 1490 1166 1544 sterilisque
1190 1489 1428 1537 cathedrae,

333 1567 445 1608 sicut
469 1564 783 1618 †thresimachi
807 1566 961 1620 probat
984 1565 1127 1606 exitus
1151 1568 1280 1619 atque
1305 1563 1488 1605 Secundi

199 1652 261 1684 205
333 1641 599 1682 Carrinatis:
636 1645 680 1682 et
703 1641 822 1681 hunc
845 1641 1016 1694 inopem
1040 1639 1225 1688 uidistis,
1248 1639 1458 1686 Athenae,

335 1716 397 1757 nil
421 1720 590 1771 praeter
614 1715 777 1771 gelidas
801 1729 929 1756 ausae
953 1715 1142 1756 conferre
1166 1715 1340 1755 cicutas.

335 1792 379 1832 di
403 1792 615 1832 maiorum
640 1791 803 1831 umbris
828 1795 1002 1831 tenuem
1027 1794 1071 1831 et
1095 1790 1187 1831 sine
1210 1788 1397 1843 pondere
1423 1793 1580 1830 terram

199 1929 281 1961 item
316 1929 352 1960 in
390 1937 430 1960 XI
469 1929 585 1960 24-26
622 1928 726 1959 illum
763 1938 816 1968 eqo
853 1929 928 1959 iure
952 1927 957 1969 Ι
982 1927 1173 1968 despiciam,
1208 1928 1268 1967 qui
1304 1927 1377 1958 scit
1407 1930 1531 1967 quanto
1561 1925 1741 1958 sublimior

199 1980 325 2012 Atlans
343 1979 348 2022 1
369 1981 519 2012 omnibus
549 1981 588 2011 in
618 1980 727 2020 Libya
753 1981 796 2011 sit
829 1980 1003 2016 montibus,
1032 1980 1085 2011 hic
1112 1982 1223 2010 tamen
1248 1979 1337 2010 idem
1356 1978 1359 2020 Ι
1380 1978 1543 2018 iquorat
1572 1980 1739 2018 quantum

190 2033 328 2073 ferrata
340 2033 434 2064 distet
450 2033 491 2063 ab
506 2042 586 2063 arca
607 2030 611 2072 1
630 2031 780 2063 sacculus
795 2042 836 2062 ex
852 2032 992 2072 inmorari,
1010 2030 1099 2072 quod
1122 2030 1224 2062 habet
1241 2032 1266 2062 L
1283 2040 1358 2061 cum
1375 2029 1546 2071 florilegiis
1563 2029 1734 2068 Parisinis,

201 2082 267 2116 ΡΨ
290 2085 414 2124 iqnoret
438 2083 589 2115 fecerunt
613 2082 789 2122 (suadente
813 2083 952 2114 fortasse
975 2083 1018 2113 sit
1042 2085 1076 2114 et
1098 2083 1194 2114 distet
1217 2082 1395 2113 uerborum
1420 2081 1542 2121 inodo),
1570 2082 1653 2112 sciat
1679 2090 1739 2122 pro

197 2136 257 2167 scit
278 2135 400 2166 inferre
418 2145 486 2166 non
503 2135 586 2166 ausi.
636 2133 860 2176 similiterque
884 2133 946 2165 hoc
965 2132 1007 2164 de
1024 2143 1090 2175 quo
1106 2133 1237 2175 agimus
1259 2132 1331 2164 loco
1352 2133 1513 2173 componit
1536 2131 1687 2174 plerique
1703 2132 1739 2163 in

200 2189 367 2226 componat
390 2185 628 2227 deprauarunt‚
657 2185 747 2227 quod
772 2185 867 2217 facile
891 2185 1013 2217 fiebat:
1045 2183 1144 2224 idem,
1174 2195 1249 2216 cum
1273 2183 1316 2215 ad
1341 2185 1449 2216 condit
1473 2186 1615 2216 uentum
1639 2186 1734 2221 esset,

200 2238 236 2269 in
253 2236 336 2268 duas
358 2238 520 2269 factiones
540 2237 787 2275 discesserunt3
811 2237 871 2279 qui
893 2237 983 2268 enim
1006 2235 1186 2268 condiendi
1210 2235 1351 2268 uerbum
1375 2235 1610 2277 agnoscebant,
1630 2238 1739 2266 metro

199 2290 343 2323 cohibiti
362 2293 443 2322 sunt
458 2301 499 2322 ne
515 2291 646 2322 condiat
662 2290 880 2322 rescriberent
895 2302 904 2328 ;
927 2290 1150 2332 imperitiores
1167 2292 1289 2328 autem,
1311 2299 1386 2320 cum
1403 2289 1512 2320 condit
1528 2299 1547 2319 a
1563 2287 1738 2320 condendo

199 2341 279 2373 duci
310 2341 491 2381 crederent,
526 2342 620 2374 nullo
652 2343 786 2384 negotio
823 2342 974 2373 fecerunt
1005 2342 1129 2373 condat.
1206 2341 1345 2382 exposui
1376 2351 1460 2382 quae
1496 2340 1581 2371 mihi
1616 2339 1737 2370 harum

200 2392 484 2434 inaequalitatum
500 2403 598 2424 causa
614 2404 683 2425 esse
700 2393 877 2424 uideatur:
903 2395 1043 2435 expecto
1060 2395 1108 2431 ut,
1127 2392 1185 2434 qui
1207 2402 1261 2423 eas
1283 2392 1348 2434 ipsi
1367 2391 1520 2423 quenali
1541 2391 1738 2423 adscribunt

201 2445 421 2486 (quamquam
448 2448 586 2477 cunctas
614 2446 643 2477 ei
668 2445 830 2477 adscribit
860 2455 958 2477 nemo
986 2444 1044 2476 sed
1075 2453 1114 2476 XI
1143 2446 1203 2476 130
1232 2454 1280 2486 sq.
1312 2444 1509 2486 excipiunt),
1530 2445 1628 2485 poeta
1655 2442 1738 2484 quid

200 2499 334 2528 secutus
368 2496 414 2527 sit
444 2495 639 2528 edisserant.
698 2499 845 2528 ceterum
876 2505 927 2528 xv
959 2495 1126 2535 169-171‚
1158 2496 1217 2527 ubi
1247 2495 1483 2527 subiunctiuus
1510 2505 1604 2526 suam
1635 2493 1739 2525 habet

200 2547 376 2587 rationem,
396 2548 579 2589 seponendi
595 2551 698 2586 sunt3
724 2557 763 2579 1v
781 2550 938 2586 101-103,
957 2549 993 2579 in
1015 2547 1137 2589 quibus
1154 2547 1242 2579 nihil
1264 2557 1398 2588 prorsus
1420 2547 1509 2578 inest
1530 2545 1732 2584 offensionis,

197 2599 364 2641 quomodo
385 2599 565 2641 quisquam
588 2600 653 2631 hue
677 2600 808 2631 trahere
832 2599 982 2641 potuerit
1005 2599 1104 2641 plane
1125 2609 1194 2630 non
1218 2598 1388 2640 intellego.
1438 2598 1473 2629 in
1495 2598 1594 2629 Mart.
1615 2605 1655 2628 XI
1675 2598 1736 2628 100

201 2654 263 2683 1-4
279 2650 463 2683 rectissime
479 2651 712 2683 subiunctiuos
728 2653 862 2691 cingant
879 2652 977 2682 radat
991 2654 1122 2691 pungat
1139 2651 1292 2693 sequitur
1307 2649 1514 2681 indicatiuus
1530 2649 1649 2680 eminet

265 2707 328 2736 193
343 2704 518 2735 ioculator
534 2704 560 2735 Ο
577 2702 701 2744 aliique
784 2707 845 2735 198
862 2704 924 2735 fiet
939 2704 965 2735 P
978 2703 1048 2734 flor.
1066 2702 1226 2741 Parisina,
1242 2703 1305 2733 fies
1318 2700 1356 2732 Ψ
1437 2705 1499 2732 201
1514 2700 1735 2740 triumphum

199 2755 225 2786 P
254 2754 339 2786 Brit.
372 2755 411 2785 15
442 2754 468 2784 B
494 2762 603 2793 xvrn,
632 2755 832 2794 triumphos
862 2752 900 2785 Ψ
988 2758 1051 2786 204
1073 2754 1304 2786 thresimachi
1331 2754 1402 2791 GU,
1434 2752 1638 2784 tresimachi
1665 2752 1731 2789 Lo,

198 2807 439 2847 t÷÷÷esymachi
457 2807 513 2845 (hr
528 2807 657 2847 postea)
673 2807 712 2842 A,
726 2808 743 2837 t
759 2806 794 2837 in
811 2806 902 2837 uocis
918 2806 1017 2837 initio
1033 2806 1182 2837 seruauit
1199 2807 1232 2843 S,
1251 2805 1484 2836 *munimachi
1501 2805 1535 2840 P,
1549 2804 1735 2844 lysimachi

198 2859 257 2898 Pp,
271 2858 514 2899 thrasymachi
529 2857 596 2895 alii,
618 2857 858 2897 Tlmrsymachi
874 2857 1088 2893 Ritschelius,
1107 2867 1191 2888 uers.
1212 2867 1276 2888 om.
1297 2857 1324 2888 Τ
