1947 3145
156 368 220 398 525

156 743 222 775 530

158 1119 221 1152 535

156 1495 220 1526 540

157 1872 220 1902 545

156 2248 220 2279 550

222 2606 285 2634 526
308 2603 430 2642 erepet
453 2600 500 2641 Ψ,
521 2603 661 2641 ereptet
683 2602 744 2640 PS,
765 2602 872 2641 eripit
896 2603 929 2638 F,
954 2603 996 2633 ut
1018 2604 1121 2642 repet
1144 2603 1175 2634 U

760 87 994 130 SATVRA
1029 89 1095 129 VI

294 213 359 249 ter
382 208 599 249 matutino
625 206 767 247 Tiberi
791 210 1007 261 mergetur
1030 210 1072 247 et
1098 206 1204 260 ipsis

293 283 530 324 uerticibus
555 281 759 323 timidum
783 285 912 334 caput
937 281 1095 331 abluet,
1119 281 1218 322 inde
1244 281 1414 336 superbi

290 362 433 399 totum
458 357 570 412 regis
594 370 747 411 agrum
771 356 886 396 nuda
910 370 958 397 ac
984 357 1258 397 tremibunda
1282 357 1473 398 cruentis

292 437 434 487 erepet
458 432 665 488 genibus3
701 432 737 472 si
760 431 940 472 candida
964 432 1137 473 iusserit
1163 432 1224 481 Io,

292 508 375 549 ibit
398 508 452 548 ad
475 507 667 562 Aegypti
693 507 821 547 finem
846 506 1066 560 calidaque
1091 507 1251 561 petitas

294 597 319 623 a
343 584 488 624 Meroe
512 582 704 636 portabit
729 596 874 636 aquas,
901 586 952 622 ut
977 587 1150 637 spargat
1175 583 1221 622 in
1245 582 1347 623 aede

293 658 434 707 Isidis,
457 658 636 711 antiquo
661 670 768 711 quae
791 657 987 711 proxima
1012 657 1149 712 surgit
1173 657 1304 707 ouili3

291 733 427 774 credit
452 733 569 775 enim
593 733 729 786 ipsius
754 732 952 773 dominae
976 746 1018 773 se
1043 746 1143 773 uoce
1167 733 1344 773 moneri.

292 822 345 850 en
370 809 558 849 animam
583 813 627 849 et
651 812 840 849 mentem
864 822 962 848 cum
987 822 1073 862 qua
1098 808 1141 848 di
1167 812 1289 848 nocte
1314 808 1559 862 loquantur.

293 897 390 939 ergo
414 884 485 925 hic
509 884 785 938 praecipuum
809 897 1108 937 summumque
1133 887 1324 924 meretur
1347 883 1548 924 honorem

294 959 370 1013 qui
394 973 517 1014 grege
541 959 724 1013 linigero
747 958 1041 999 circumdatus
1065 962 1108 999 et
1132 972 1259 1013 grege
1282 957 1404 999 caluo

291 1035 539 1089 plangentis
561 1034 710 1088 populi
734 1034 871 1074 currit
895 1033 1055 1074 derisor
1079 1034 1257 1075 Anubis.

291 1109 365 1150 ille
389 1109 502 1163 petit
526 1109 708 1157 ueniam,
733 1108 931 1162 quotiens
956 1123 1042 1149 non
1067 1109 1256 1150 abstinet
1280 1122 1388 1150 uxor

292 1185 524 1225 concubitu
548 1185 678 1225 sacris
702 1184 1063 1237 obseruandisque
1088 1184 1238 1224 diebus

293 1273 533 1314 magnaque
558 1259 736 1299 debetur
759 1258 919 1299 uiolato
943 1272 1078 1312 poena
1103 1259 1283 1300 cadurco

292 1340 335 1375 et
359 1334 542 1374 mouisse
567 1338 696 1387 caput
720 1334 814 1374 uisa
837 1339 901 1374 est
926 1339 1126 1388 argentea
1150 1347 1347 1388 serpens3

290 1410 409 1450 illius
433 1409 633 1450 lacrimae
657 1408 953 1462 meditataque
978 1423 1197 1450 murmura
1221 1414 1442 1463 praestant

290 1490 342 1526 ut
367 1485 538 1526 ueniam
562 1485 712 1538 culpae
738 1499 824 1525 non
848 1485 1026 1533 abnuat,
1050 1498 1196 1525 ansere
1222 1498 1377 1539 magno

294 1561 458 1602 scilicet
482 1565 525 1601 et
550 1560 673 1601 tenui
699 1574 865 1614 popano
891 1565 1128 1613 corruptus,
1155 1560 1301 1601 Osiris.

291 1650 388 1677 cum
413 1636 531 1677 dedit
554 1636 627 1676 ille
652 1635 804 1683 locum,
827 1635 1009 1688 cophino
1034 1635 1242 1689 faenoque
1266 1635 1415 1676 relicto

289 1725 488 1752 arcanam
514 1711 673 1751 Iudaea
699 1715 885 1751 tremens
908 1710 1123 1751 mendicat
1147 1711 1194 1751 in
1219 1724 1378 1759 aurem,

291 1787 503 1840 interpres
528 1786 673 1840 legum
700 1786 971 1840 Solymarum
996 1790 1038 1826 et
1064 1799 1220 1840 magna
1245 1785 1436 1826 sacerdos

290 1861 453 1902 arboris
478 1875 527 1902 ac
549 1861 708 1902 summi
733 1861 816 1901 fida
840 1860 1112 1901 internuntia
1137 1860 1251 1901 caeli.

292 1936 445 1990 implet
470 1941 512 1977 et
536 1935 613 1976 illa
637 1950 826 1983 manum,
851 1935 922 1976 sed
946 1935 1141 1989 parcius3
1177 1948 1271 1976 aere
1296 1935 1466 1976 minuto

292 2011 617 2065 qualiacumque
643 2011 760 2052 uoles
787 2011 936 2051 Iudaei
961 2011 1126 2051 somnia
1151 2010 1356 2051 uendunt.

292 2086 471 2141 spondet
495 2091 729 2127 amatorem
755 2090 951 2127 tenerum
976 2086 1045 2126 uel
1069 2086 1220 2127 diuitis
1245 2086 1337 2127 orbi

293 2167 601 2204 testamentum
625 2162 776 2217 ingens
801 2162 962 2203 calidae
986 2162 1188 2215 pulmone
1212 2161 1432 2202 columbae

291 2241 476 2279 tractato
501 2238 733 2278 Armenius
757 2237 829 2277 uel
855 2237 1166 2291 Commagenus
1190 2236 1433 2290 haruspex3

292 2317 464 2367 pectora
488 2312 706 2366 pullorum
732 2312 973 2361 rimabitur,
997 2316 1096 2353 exta
1120 2311 1276 2361 catelli,

292 2388 514 2429 interdum
539 2393 582 2429 et
606 2388 755 2441 pueri3
791 2387 920 2429 faciet
945 2387 1057 2441 quod
1081 2387 1245 2428 deferat
1270 2387 1368 2441 ipse.

293 2463 519 2504 Chaldaeis
544 2463 616 2503 sed
639 2464 774 2503 maior
799 2463 881 2503 erit
905 2463 1086 2503 fiducia:
1122 2462 1335 2517 quidquid

155 2664 236 2685 corr.
259 2655 295 2693 P,
311 2655 516 2693 calidasque
532 2652 606 2692 ΡΨ,
628 2663 762 2684 uersum
779 2663 843 2684 om.
865 2655 893 2685 T
980 2657 1042 2685 528
1059 2655 1219 2693 portabit
1234 2652 1282 2693 Ψ,
1302 2655 1443 2693 potabit
1466 2654 1523 2685 PG

156 2704 286 2745 ΡΣΑΠ,
307 2707 432 2738 aedem
446 2704 485 2736 Ψ
572 2709 634 2737 533
658 2706 806 2745 linigero
831 2705 928 2736 Laur.
949 2713 1063 2736 xxxrv
1087 2707 1128 2737 42
1149 2705 1283 2747 aliique,
1304 2707 1462 2746 lanigero
1481 2702 1546 2736 ΡΨ

157 2758 308 2790 cadurco
331 2759 384 2789 PF
404 2756 530 2789 Probus
550 2756 675 2794 Vanae,
695 2758 825 2789 caduco
841 2758 879 2795 T,
900 2758 1051 2789 caduceo
1068 2755 1106 2788 Ψ

159 2810 196 2847 G,
224 2818 360 2849 pepano
383 2810 424 2848 U,
452 2817 586 2849 pepone
610 2807 648 2839 Ψ

156 2862 311 2894 rimatur
333 2863 370 2894 et
385 2859 423 2892 Ψ
512 2864 573 2893 553
596 2861 658 2892 sed
675 2858 721 2900 Ψ,
739 2863 776 2893 et
789 2861 873 2894 PFG

1635 88 1693 134 57

1263 2606 1326 2634 527
1349 2602 1535 2642 calidaque
1554 2601 1584 2633 G
1607 2601 1641 2631 et
1657 2609 1697 2630 ex

1609 2651 1697 2683 aede

1634 2705 1697 2734 537

1237 2762 1299 2789 541
1321 2765 1460 2798 popano
1477 2756 1539 2793 PF,
1559 2761 1699 2794 popono

745 2813 808 2840 551
834 2810 1025 2841 fimabitur
1047 2810 1111 2846 PG,
1136 2810 1292 2842 rimatur
1314 2810 1348 2849 F,
1375 2810 1572 2841 rimasti-,ur
1594 2807 1632 2838 et
1654 2806 1694 2844 Τ,
