1947 3145
262 97 282 134 1
295 96 315 134 1
327 95 350 135 0
854 89 1182 131 IVVENALIS

389 210 551 259 ducere,
575 210 650 263 qui
674 214 803 249 uexat
827 206 1018 247 nascenti
1041 206 1189 246 robora
1213 218 1359 255 cornu.

280 296 319 327 10
388 285 423 325 si
448 298 513 325 res
537 285 681 337 ampla
706 282 819 323 domi
845 280 1078 333 similisque
1103 279 1343 319 adfectibus
1367 282 1488 326 esset,

388 360 587 414 pinguior
612 357 814 411 Hispulla
838 356 1081 396 traheretur
1105 360 1253 395 taurus
1277 358 1320 394 et
1344 354 1436 407 ipsa

389 436 497 476 mole
521 435 652 489 piger,
677 447 753 473 nec
778 431 965 472 finitima
989 430 1182 471 nutritus
1205 430 1252 470 in
1276 429 1410 470 herba

388 510 500 550 laeta
525 509 596 549 sed
621 506 848 548 ostendens
875 505 1087 546 Clitumni
1111 518 1265 558 pascua
1290 503 1460 558 sanguis

389 590 431 625 et
456 583 607 638 grandi
632 582 776 623 ceruix
801 581 883 621 iret
907 580 1098 621 ferienda
1122 580 1322 620 ministro

279 671 317 701 15
388 660 440 699 ob
464 658 649 699 reditum
674 656 931 710 trepidantis
956 656 1094 696 adhuc
1119 655 1413 708 horrendaque
1437 654 1547 707 passi

389 747 524 788 nuper
548 737 591 774 et
616 733 873 773 incolumem
898 744 984 772 sese
1009 731 1206 771 mirantis
1230 730 1366 770 amici.

387 824 487 849 nam
511 813 679 862 praeter
702 807 841 862 pelagi
865 820 985 847 casus
1009 811 1053 847 et
1077 806 1272 846 fulminis
1295 805 1406 845 ictus

388 884 536 926 euasit.
607 883 759 924 densae
785 882 949 923 caelum
974 881 1226 922 abscondere
1251 880 1453 921 tenebrae

387 960 500 1000 nube
525 972 612 999 una
636 958 887 1011 subitusque
912 961 1137 997 antemnas
1161 956 1324 1010 inpulit
1348 955 1474 1009 ignis,

276 1046 316 1075 20
386 1048 482 1075 cum
507 1047 550 1074 se
574 1033 754 1087 quisque
777 1032 852 1072 illo
876 1045 1120 1085 percussum
1145 1030 1332 1071 crederet
1356 1034 1400 1071 et
1424 1043 1525 1070 mox

387 1110 600 1151 attonitus
624 1108 792 1149 nullum
816 1107 997 1148 conferri
1020 1119 1141 1161 posse
1166 1110 1340 1160 putaret

389 1184 663 1239 naufragium
687 1183 794 1224 uelis
819 1182 1076 1223 ardentibus.
1147 1181 1291 1222 omnia
1316 1181 1428 1221 fiunt

387 1260 504 1308 talia,
530 1264 619 1301 tam
645 1259 849 1314 grauiter,
874 1258 910 1298 si
934 1257 1103 1311 quando
1127 1257 1291 1310 poetica
1316 1256 1457 1311 surgit

389 1339 628 1389 tempestas.
697 1346 830 1388 genus
854 1346 945 1374 ecce
969 1332 1089 1372 aliud
1112 1331 1368 1373 discriminis
1392 1330 1493 1372 audi

276 1422 316 1453 25
386 1415 430 1452 et
453 1410 651 1450 miserere
676 1409 844 1457 iterum,
869 1421 1132 1462 quamquam
1156 1407 1244 1447 sint
1268 1410 1409 1447 cetera
1433 1405 1558 1446 sortis

387 1486 575 1526 eiusdem
597 1498 695 1539 pars
719 1484 811 1524 dira
835 1483 1008 1537 quidem
1033 1483 1104 1523 sed
1127 1482 1299 1536 cognita
1323 1481 1474 1522 multis

389 1566 432 1602 et
457 1575 584 1615 quam
609 1560 759 1600 uotiua
784 1563 1002 1600 testantur
1025 1558 1125 1598 fana
1149 1557 1308 1598 tabella

387 1636 598 1691 plurima:
635 1635 818 1689 pictores
843 1635 938 1688 quis
961 1633 1095 1674 nescit
1119 1633 1173 1673 ab
1199 1632 1312 1673 Iside
1335 1632 1481 1686 pasci?

387 1711 542 1753 accidit
566 1715 609 1752 et
634 1715 779 1751 nostro
805 1709 957 1751 similis
982 1710 1155 1750 fortuna
1180 1708 1361 1749 Catullo.

277 1798 316 1828 30
386 1801 484 1828 cum
508 1786 659 1841 plenus
684 1786 818 1826 fluctu
842 1783 1008 1825 medius
1033 1783 1140 1824 foret
1164 1783 1311 1824 alueus
1335 1788 1377 1824 et
1402 1782 1499 1832 iam,

387 1862 604 1903 alternum
629 1860 786 1915 puppis
811 1859 925 1900 latus
949 1858 1243 1900 euertentibus
1266 1857 1406 1907 undis,

387 1937 549 1977 arboris
572 1936 769 1984 incertae,
793 1934 957 1974 nullam
981 1933 1210 1988 prudentia
1233 1933 1330 1973 cani

320 2037 359 2064 13
377 2032 523 2070 sanguis
540 2030 641 2062 etiam
665 2030 755 2061 Seru.
773 2030 856 2061 Aen.
878 2037 949 2059 vm
968 2030 1029 2059 106
1118 2032 1160 2059 14
1183 2030 1220 2060 et
1242 2028 1370 2068 grandi
1392 2028 1514 2060 ceruix
1536 2027 1641 2067 iretff
1658 2029 1728 2059 iret
1750 2029 1788 2060 et

253 2085 381 2123 grandi
404 2084 523 2115 ceruix
546 2083 612 2119 PA,
634 2082 715 2113 item
733 2080 804 2120 (sed
825 2089 953 2119 magno
971 2090 1029 2121 pro
1044 2079 1181 2120 qrcmdz')
1199 2079 1308 2110 Seruii
1329 2078 1399 2111 cod.
1421 2078 1649 2117 Floriacensis,
1667 2088 1690 2111 a
1711 2083 1790 2121 post

253 2138 281 2165 et
304 2134 403 2165 metri
426 2144 524 2165 causa
540 2133 671 2164 addunt
687 2131 724 2163 Ψ
745 2136 779 2163 et
803 2132 911 2163 Seruii
934 2130 1062 2162 codices
1081 2130 1231 2172 plerique
1248 2132 1364 2162 eontra
1380 2140 1479 2162 usum
1497 2129 1676 2168 quenalis,
1698 2130 1789 2173 quod

254 2196 321 2217 non
338 2185 421 2227 legit.
436 2184 473 2224 Σ,
496 2185 554 2227 qui
571 2184 725 2216 datiuum
742 2184 894 2225 agnoscit
910 2184 1218 2224 interpretaturque
1234 2182 1401 2214 sacerdoti.
1450 2182 1591 2214 uerbum
1607 2193 1626 2214 a
1642 2181 1789 2215 librariis

254 2238 289 2268 in
313 2237 475 2269 usitatam
499 2236 610 2268 sedem
634 2240 817 2267 retractum
841 2235 986 2267 arbitror
1008 2233 1099 2274 (uide
1118 2244 1202 2276 quae
1225 2233 1268 2265 ad
1291 2244 1324 2266 u.
1345 2236 1364 2265 2
1388 2233 1569 2276 fragmenti
1592 2237 1724 2266 saturae
1747 2243 1789 2267 VI

255 2288 454 2320 Oxoniensis
485 2287 670 2327 adnotaui),
702 2298 721 2318 a
748 2290 846 2328 poeta
876 2286 1030 2318 consulto
1062 2285 1288 2327 postpositum
1314 2284 1406 2325 (uide
1432 2294 1472 2316 vr
1498 2287 1561 2317 205
1591 2286 1735 2318 Dacicus
1760 2288 1790 2318 et

253 2341 370 2380 scripto
393 2341 506 2371 radiat
533 2341 748 2371 Germanicus
772 2339 880 2377 auro).
927 2348 1006 2369 nam
1033 2337 1096 2368 hoc
1122 2339 1260 2378 sanquis
1284 2338 1345 2368 iret
1370 2347 1467 2369 nemo
1495 2347 1563 2369 non
1591 2340 1788 2380 accepturus

253 2394 324 2423 erat
341 2402 400 2433 pro
424 2401 520 2422 cruor
535 2392 665 2431 flueret,
686 2401 751 2432 quo
775 2400 873 2422 sensu
896 2389 1021 2431 legitur
1044 2389 1139 2421 Lucr.
1160 2397 1199 2420 VI
1225 2391 1307 2420 1203
1334 2390 1473 2429 sanquis
1495 2389 1574 2430 ibat,
1595 2388 1694 2421 Ouid.
1713 2389 1784 2422 her.

254 2452 298 2475 111
325 2445 386 2474 146
411 2446 444 2474 et
467 2451 538 2474 xm
564 2444 603 2474 80
627 2444 763 2482 scmquz's
786 2446 846 2481 eat,
871 2442 948 2473 Luc.
975 2450 1031 2472 vu
1057 2440 1117 2473 176
1142 2442 1237 2472 uisus
1260 2442 1309 2472 ire
1331 2442 1478 2481 sanquis,
1507 2441 1593 2472 Stat.
1619 2440 1722 2473 Theb.
1748 2449 1788 2472 lx

255 2496 315 2526 883
340 2495 408 2525 ibat
431 2495 592 2534 sa71910is;
624 2494 747 2535 itaque,
775 2498 815 2525 ut
837 2495 1012 2534 appareret
1035 2492 1138 2523 eundi
1161 2492 1300 2523 uerbum
1331 2502 1391 2534 pro
1422 2494 1505 2533 πρὸσ
1535 2493 1643 2533 βωμὸν
1673 2493 1786 2523 πατεῖν

254 2546 402 2588 positum
425 2556 504 2584 esse,
531 2546 594 2576 iret
621 2545 718 2576 alteri
742 2545 954 2576 nominatiuo
981 2544 1132 2585 proxime
1156 2543 1343 2575 subiectum
1367 2546 1429 2582 est,
1456 2543 1514 2585 qui
1537 2542 1786 2574 dubitationem

254 2597 413 2629 excludit.
459 2596 540 2628 haee
564 2596 669 2627 lenior
692 2596 828 2628 uidetur
851 2595 1041 2627 emendatio
1058 2606 1158 2637 quam
1182 2595 1211 2626 si
1231 2595 1396 2627 scribatur
1411 2596 1548 2635 sanquis
1567 2595 1571 2636 Ι
1592 2596 1666 2630 <cui
1678 2596 1788 2636 so>ret

251 2654 279 2681 et
295 2661 322 2690 9.
341 2660 363 2680 c.
373 2650 405 2689 f.
422 2659 465 2680 m.
547 2657 673 2688 magno
689 2658 716 2680 c.
739 2650 761 2679 f.
782 2650 952 2688 magistro
970 2647 1076 2679 Seruii
1093 2646 1231 2685 codices,
1251 2648 1422 2687 mag-istro
1439 2647 1542 2678 Burn.
1565 2648 1626 2677 192
1650 2648 1684 2678 et
1699 2657 1787 2678 unus

254 2700 408 2742 Rupertii
496 2704 536 2732 17
560 2701 718 2731 fulminis
742 2701 792 2731 PS
819 2699 900 2730 Brit.
931 2700 1046 2737 30861,
1074 2699 1228 2729 fluminis
1251 2700 1290 2736 A,
1319 2699 1470 2738 fulguris
1493 2696 1531 2729 Ψ
1617 2698 1711 2730 ictus
1734 2699 1786 2731 Ps

254 2753 338 2784 Brit.
368 2752 482 2789 11672‚
507 2752 618 2783 ictum
645 2750 681 2781 Ψ
770 2755 809 2782 18
832 2752 948 2782 euasit
973 2751 1096 2788 PF'I'U,
1125 2751 1225 2782 euasi
1248 2750 1364 2782 AGLO
1452 2753 1492 2781 29
1516 2747 1581 2780 del.
1610 2748 1751 2781 Iahnius

297 2809 336 2836 32
360 2804 472 2835 arbori
495 2802 730 2834 Lachmannus
749 2803 795 2839 (et
811 2812 842 2833 u.
865 2804 904 2833 33
921 2802 1090 2842 conferret)
1179 2802 1336 2833 incertae
1359 2802 1424 2839 Po,
1444 2802 1581 2832 incerta
1596 2801 1632 2839 P,
1651 2801 1787 2835 incerto

253 2856 300 2894 Ψ,
320 2856 447 2888 incerti
463 2856 494 2887 A
