1947 3145
234 118 258 158 8
269 118 292 158 6
832 110 1161 153 IVVENALIS

366 239 409 276 te
432 233 625 288 plorante
651 232 778 281 foris3
816 230 940 271 testis
964 228 1073 268 mihi
1097 227 1279 268 lectulus
1304 231 1345 267 eb
1370 231 1422 267 ‘cu

366 308 420 348 ad
445 321 571 362 quem
595 305 792 360 peruenit]
817 303 918 343 lecti
942 315 1070 342 sonus
1095 306 1137 341 et,
1163 301 1358 342 dominae
1383 314 1476 340 uox.

367 382 571 423 instabile
595 394 642 421 ac
668 379 812 420 dirimi
836 381 1034 430 coeptum
1058 381 1101 417 eb
1126 376 1212 416 iam
1235 389 1367 429 paene
1393 375 1583 416 solutum

233 469 273 500 80
366 457 615 510 coniugium
639 455 685 494 in
709 453 858 494 multis
883 452 1078 492 domibus
1103 452 1289 492 seruauit
1314 450 1488 491 adulter.

368 546 451 586 quo
476 536 517 572 te
541 530 834 582 circumagas?
903 540 1010 580 quae
1033 527 1171 581 prima
1196 530 1272 567 aut
1296 526 1452 566 ultima
1476 526 1640 578 ponas?

368 607 535 647 nullum
560 618 656 659 ergo
682 603 884 643 merirum
909 605 986 650 est,
1011 602 1179 655 ingrate
1204 615 1252 641 ac
1275 600 1443 654 perfide,
1467 599 1639 639 nullum

367 680 480 735 quod
506 679 587 720 tibi
612 678 769 719 filiolus
793 678 864 718 uel
889 677 977 717 filia
1002 677 1192 717 nascitur
1215 689 1267 716 ex
1291 677 1390 716 me?

368 755 485 797 tollis
508 754 624 795 enim
648 758 689 793 et
714 753 835 793 libris
860 756 1051 792 achorum
1075 764 1268 804 spargere
1293 750 1452 805 gaudes

233 842 272 873 85
365 836 618 885 argumenta
643 828 741 868 uiri.
810 827 972 867 foribus
996 825 1207 879 suspende
1231 838 1428 866 coronas:

367 906 453 946 iam
478 908 598 958 pater
621 917 676 952 es,
701 902 895 943 dedimus
920 901 1033 955 quod
1059 901 1197 941 famae
1221 913 1431 954 opponere
1456 898 1601 952 possis.

366 981 460 1020 iura
485 979 675 1033 parentis
699 978 840 1026 habes,
864 981 1039 1031 propter
1062 990 1129 1016 me
1153 975 1343 1016 scriberis
1366 975 1496 1023 heres,

367 1055 558 1110 legatum
582 1067 707 1094 omne
732 1053 847 1106 capis
871 1065 947 1092 nec
972 1065 1058 1092 non
1082 1055 1126 1092 et]
1150 1051 1271 1091 dulce
1295 1050 1512 1091 caducum.

364 1129 584 1171 commoda
608 1132 826 1182 praeberea
851 1127 1093 1181 iungentur
1116 1126 1255 1166 mulba
1278 1125 1458 1173 caducis,

234 1216 274 1247 90
366 1206 402 1247 si
426 1218 664 1253 numerum,
688 1203 725 1244 si
750 1208 835 1244 tres
859 1201 1115 1257 impleuero.'
1185 1202 1298 1242 iusta
1323 1200 1493 1248 doloris,

367 1280 569 1328 Naeuole,
592 1293 719 1320 causa
744 1279 839 1329 tui;
875 1283 1023 1319 contra
1047 1282 1191 1319 bamen
1217 1277 1290 1317 ille
1316 1276 1423 1330 quid
1445 1275 1614 1316 adfert?

434 1355 644 1410 ‘neclegit
667 1359 796 1408 atque
819 1354 954 1394 alium
978 1353 1175 1406 bipedem
1199 1352 1281 1393 sibi
1306 1351 1476 1405 quaerit]
1499 1350 1693 1392 asellum.

368 1433 473 1472 haec
496 1431 574 1472 soli
598 1430 821 1471 commissa
846 1429 928 1470 tibi
952 1429 1086 1470 celare
1110 1432 1324 1468 memento

367 1511 411 1548 et
436 1507 594 1548 tacitus
618 1510 785 1546 nosbras
809 1505 926 1545 intra
951 1508 993 1544 te
1018 1504 1099 1558 fige
1123 1502 1343 1557 querellas,

234 1594 274 1624 95
367 1596 469 1623 nam
492 1595 556 1622 res
580 1580 800 1622 mortifera
825 1585 889 1620 esf,
913 1579 1115 1619 inimicus
1139 1578 1307 1632 pumice
1331 1577 1449 1618 leuis.

370 1657 445 1711 qui
467 1656 592 1697 modo
617 1660 824 1696 secretum
849 1654 1150 1702 commisserat,
1176 1653 1297 1693 ardet
1321 1657 1364 1693 et}
1388 1652 1480 1693 odit

373 1738 592 1786 tamquam
617 1730 877 1785 prodiderim
902 1729 1115 1783 quidquid
1137 1729 1230 1770 scio.
1301 1741 1465 1769 sumere
1490 1728 1657 1776 ferrum,

372 1808 483 1848 fuste
508 1807 671 1861 aperire
696 1810 836 1859 caput,
860 1805 1082 1846 candelam
1106 1804 1312 1858 adponere
1336 1803 1476 1844 ualuis

371 1897 458 1924 non
483 1882 664 1923 dubitab.
734 1894 809 1921 nec
835 1885 1082 1922 contemnas
1105 1883 1181 1919 aut
1206 1878 1411 1932 despicias
1436 1878 1548 1932 quod

238 1969 300 2000 100
370 1958 438 1998 his
463 1957 615 2012 opibus
639 1970 874 2010 numquam
899 1969 995 1996 cara
1019 1959 1083 1995 est}
1108 1968 1275 1994 annona
1300 1954 1466 1994 ueneni.

372 2046 470 2087 ergo
495 2031 660 2073 occulta
684 2035 802 2085 teges
826 2035 876 2071 ut}
899 2030 1017 2071 curia
1042 2029 1198 2070 Martis
1222 2028 1433 2069 Athenis?

439 2122 463 2149 o
489 2107 696 2162 Corydon,
720 2106 929 2160 Corydon,
954 2110 1160 2146 secrebum
1185 2104 1338 2145 diuitis
1362 2104 1500 2144 ullum

373 2196 459 2224 esse
483 2184 644 2236 putas?
714 2181 828 2222 serui
853 2185 903 2221 ub
928 2184 1110 2228 taceant),
1135 2180 1331 2219 iumenta
1355 2180 1581 2233 loquentur

373 2263 417 2298 et
440 2257 557 2298 canis
581 2261 623 2297 eb
646 2261 787 2310 postzes
812 2260 855 2297 en
879 2268 1101 2296 marmora.
1172 2254 1321 2295 claude
1345 2255 1564 2303 fenesbras,

238 2344 300 2375 105
371 2332 467 2373 uela
493 2336 640 2386 tegant]
663 2332 807 2380 rimas,
831 2331 961 2385 iunge
986 2330 1107 2378 ostia,
1133 2329 1275 2370 tollite
1299 2329 1457 2378 lumen,

371 2422 393 2450 e
417 2408 557 2449 medio
582 2408 647 2448 fac
672 2412 773 2448 eant]
799 2420 957 2455 omnes,
979 2420 1109 2460 prope
1133 2419 1257 2446 nemo
1282 2406 1528 2447 recumbat:

303 2492 343 2521 79
369 2490 403 2519 et
427 2490 469 2519 80
493 2485 557 2518 del.
584 2486 724 2528 Pinzger
819 2490 860 2518 82
885 2487 1022 2517 nullum
1046 2485 1082 2516 in
1108 2484 1172 2515 fine
1200 2494 1264 2516 om.
1295 2485 1330 2523 P,
1360 2493 1469 2516 auare
1494 2483 1672 2515 substituit
1696 2485 1727 2515 A

325 2543 367 2572 84
376 2539 495 2570 titulis
506 2539 666 2570 actorum
676 2538 766 2569 Seru.
781 2547 889 2579 georg.
907 2546 936 2568 11
948 2538 1010 2568 502
1075 2541 1115 2568 89
1126 2538 1317 2576 iungentur
1327 2537 1393 2574 PA,
1409 2537 1576 2575 iugentur
1585 2536 1625 2566 ut
1635 2533 1772 2566 uidetur

237 2591 308 2630 GU,
325 2591 523 2630 iungunt-,ur
535 2590 616 2621 LO'I'
695 2593 735 2620 92
751 2590 904 2628 neclegit,
917 2599 957 2620 ex
975 2590 1029 2621 SG
1107 2592 1147 2620 96
1165 2589 1408 2620 commis-‚serat
1423 2598 1463 2618 ex
1479 2588 1505 2619 P
1583 2590 1624 2618 97
1636 2587 1770 2618 ferrum

237 2653 300 2675 om.
322 2643 348 2674 P
436 2645 476 2673 99
493 2642 586 2681 quod
605 2651 667 2671 om.
689 2642 715 2672 P
804 2645 866 2672 100
883 2650 967 2672 cara
983 2642 1038 2672 est,
1054 2638 1123 2679 ΣΘ,
1144 2649 1229 2671 cara
1246 2652 1306 2667 *m
1324 2640 1358 2676 P,
1377 2647 1478 2670 caras
1500 2639 1540 2676 U,
1561 2646 1685 2670 cau-eas
1706 2636 1768 2678 Ψρ

324 2697 387 2726 103
403 2694 592 2733 loquentur
605 2690 642 2722 Ψ
659 2694 691 2723 et
709 2693 740 2731 (e
757 2691 792 2722 in
809 2692 891 2731 ras.)
907 2693 943 2731 P,
964 2693 1158 2732 loquuntur
1174 2691 1243 2722 flor.
1265 2691 1475 2731 Frisingense
1494 2689 1618 2731 aliique
1707 2693 1769 2721 105

236 2746 354 2779 tollite
377 2745 474 2783 PAO,
494 2745 612 2776 tollito
636 2744 725 2775 GTU
749 2746 783 2774 et
806 2753 905 2784 supra
929 2743 1093 2785 scriptum
1116 2745 1151 2781 L,
1177 2742 1267 2784 quod
1291 2741 1498 2783 praeferrem,
1521 2740 1549 2771 si
1574 2739 1769 2772 quenalem

238 2799 369 2840 praeter
391 2799 453 2828 esto
476 2797 510 2827 et
532 2798 689 2826 memento
710 2794 772 2826 hac
794 2795 987 2836 imperatiui
1009 2795 1115 2825 forma
1138 2804 1237 2825 usum
1259 2804 1328 2825 esse
1348 2795 1526 2831 constaret,
1547 2792 1640 2824 cuius
1661 2802 1767 2823 unum

238 2847 429 2890 exemplum
460 2849 554 2878 extat
583 2848 705 2878 sumito
735 2846 770 2876 in
802 2856 900 2877 uersu
931 2845 1017 2877 mihi
1048 2847 1201 2887 suspecto
1232 2853 1304 2876 VIII
1337 2846 1398 2876 134
1485 2847 1547 2876 106
1578 2844 1655 2876 face
1685 2846 1770 2876 eant

238 2900 422 2943 Hauptius,
442 2900 589 2931 taceant
604 2898 638 2934 P,
657 2898 809 2929 clament
825 2895 862 2927 Ψ
