1947 3145
757 93 990 134 SATVRA
1024 93 1091 133 VI
1622 95 1684 136 49

287 224 488 251 nummus
513 214 556 251 et
581 224 602 250 e
627 209 755 264 pleno
780 210 959 251 tollatur
985 223 1150 264 semper
1173 224 1335 259 aceruo,

153 295 216 327 365
285 299 372 326 non
397 299 602 339 umquam
626 290 829 339 reputant
854 286 1009 339 quanti
1035 286 1118 326 sibi
1141 285 1298 340 gaudia
1320 290 1529 327 constent.

149 371 169 402 0
195 371 212 401 1
349 361 395 402 in
420 374 684 415 quacumque
709 361 831 401 domo
857 362 972 402 uiuit
997 361 1193 415 luditque
1217 361 1432 415 professus

287 436 526 483 obscenum,
552 436 737 477 tremula
761 437 981 490 promittit
1005 442 1049 477 et
1074 437 1218 477 onmia
1243 436 1406 485 dextra,

285 511 480 552 inuenies
504 511 642 552 omnis
666 515 812 564 turpes
836 511 1080 566 similesque
1104 512 1300 553 cinaedis.

286 586 356 627 his
380 586 541 626 uiolare
566 586 680 626 cibos
704 600 927 640 sacraeque
952 587 1159 628 adsistere
1183 600 1354 628 mensae

150 673 169 703 ο
196 672 215 703 5
285 661 562 716 permittunt,
587 665 630 702 et
656 674 757 701 uasa
781 661 931 702 iubent
955 662 1189 717 frangenda
1214 662 1353 702 lauari

284 750 382 778 cum
407 735 663 790 colocyntha
688 736 801 777 bibit
826 736 895 776 uel
918 751 1016 777 cum
1041 737 1219 778 barbata
1242 736 1452 778 chelidon.

287 811 437 866 purior
461 825 558 866 ergo
583 811 670 851 tuis
696 810 859 852 laribus
883 811 1118 866 meliorque
1143 812 1314 861 lanista,

284 887 332 927 in
356 886 479 927 cuius
504 900 681 927 numero
706 886 829 941 longe
854 887 1038 942 migrare
1062 887 1237 928 iubetur

215 1053 279 1081 364
301 1050 452 1081 tollatur
475 1057 613 1089 semper
635 1050 703 1087 PA,
728 1058 867 1089 semper
888 1050 1041 1081 tollatur
1063 1047 1101 1080 Ψ
1197 1053 1259 1082 365
1283 1050 1335 1081 hic
1358 1060 1473 1081 uersus
1496 1051 1534 1081 in
1557 1050 1689 1091 quibus-

149 1101 232 1132 dam
261 1111 327 1132 non
353 1104 405 1138 esc,
434 1104 472 1132 ut
502 1101 614 1141 inquit
644 1101 770 1132 Probus
796 1100 896 1132 Valla
982 1110 1151 1141 umquam
1182 1099 1229 1140 Ψ,
1257 1111 1450 1142 numquam
1476 1103 1515 1141 Τ,
1543 1112 1689 1143 nunqua

151 1153 186 1191 F,
211 1161 387 1193 nusquam
410 1153 446 1192 P,
466 1162 609 1192 usquam
633 1151 878 1189 Buechele1·us;
902 1154 938 1183 at
961 1152 1139 1194 praecessit
1163 1154 1224 1183 360
1248 1154 1443 1193 aliquando,
1471 1155 1531 1185 361
1558 1155 1690 1186 tandem

237 1205 409 1245 reputant
433 1204 460 1235 P
486 1203 569 1234 Brit.
596 1204 635 1234 15
664 1203 692 1235 B
716 1212 784 1243 XII,
807 1205 980 1244 reputant
1004 1205 1044 1242 U,
1068 1206 1238 1243 repetunt
1262 1202 1300 1235 Ψ
1387 1205 1455 1236 sibi
1482 1206 1540 1237 PU
1565 1204 1691 1247 aliique

149 1260 184 1287 et
214 1265 255 1287 ex
285 1265 367 1287 corr.
396 1256 437 1294 A,
467 1264 533 1287 sua
563 1252 600 1285 Ψ
688 1254 778 1285 inter
801 1259 863 1286 365
888 1257 922 1286 et
949 1259 1011 1287 366
1042 1265 1157 1286 uersus
1185 1264 1305 1286 XXXIV
1331 1255 1421 1287 solus
1444 1256 1592 1288 seruauit
1619 1258 1646 1289 Ο

238 1311 258 1339 2
280 1308 435 1339 tremula
458 1307 639 1347 promittit
662 1306 733 1345 et,*
758 1308 795 1338 et
817 1308 974 1339 tremula.
996 1308 1178 1346 promittit
1201 1309 1236 1339 Ο.
1292 1307 1374 1339 item
1398 1308 1499 1339 semel
1523 1308 1690 1340 Martialis

149 1361 179 1390 et
205 1359 308 1391 tertio
337 1357 410 1390 loco
441 1358 556 1400 posuit
586 1366 627 1389 IX
658 1359 698 1390 59
731 1359 781 1397 12,
816 1357 961 1389 secundo
999 1358 1050 1389 bis
1082 1360 1175 1390 terue
1206 1359 1276 1400 ipse
1309 1359 1492 1399 quenalis,
1525 1360 1620 1392 uelut
1650 1369 1689 1392 VI

152 1411 224 1450 422,
256 1419 307 1442 XV
334 1411 399 1449 20;
429 1409 472 1441 ad
500 1409 647 1451 primum
678 1409 821 1441 retraxit
851 1409 1006 1441 librarius
1033 1409 1074 1441 de
1102 1413 1208 1442 metro
1236 1421 1378 1451 securus,
1407 1411 1690 1453 quemadmodum

151 1470 225 1494 XIII
257 1463 298 1494 86
329 1472 369 1493 ex
399 1464 477 1493 sunt
507 1462 546 1493 in
574 1462 737 1502 fortunae
767 1462 836 1502 qui
865 1462 994 1493 casibus
1024 1463 1139 1493 onznia
1169 1466 1296 1502 ponant
1326 1463 1362 1494 in
1393 1462 1488 1494 libris
1524 1463 1693 1506 plerisque¹

150 1514 280 1546 factum
311 1515 362 1546 est
391 1516 469 1545 sunt
499 1514 569 1554 qui
599 1514 638 1545 in
658 1515 831 1554 fortunae,
867 1516 906 1545 ut
937 1513 1152 1545 inserendum
1184 1516 1269 1546 esset
1300 1515 1381 1553 iam,
1417 1518 1450 1546 et
1480 1524 1548 1546 XIV
1578 1517 1618 1547 20
1655 1516 1690 1547 iu

149 1565 223 1608 ipso
249 1565 435 1597 Pithoeano
462 1575 522 1607 pro
543 1567 609 1596 tota
629 1565 740 1596 cohors
760 1568 871 1596 tamen
891 1564 1017 1607 legitur
1039 1568 1106 1596 tota
1129 1568 1240 1597 tamen
1265 1566 1382 1605 cohors,
1410 1566 1493 1598 item
1516 1567 1552 1598 in
1576 1567 1691 1599 eodem

150 1626 224 1649 VIII
248 1618 299 1657 66,
320 1615 410 1659 quod
434 1617 586 1648 omnium
605 1616 818 1648 simillimum
842 1620 902 1655 est,
923 1620 951 1648 et
973 1618 1051 1648 trito
1074 1627 1133 1658 pro
1150 1619 1227 1649 trito
1250 1621 1288 1649 et.
1337 1618 1450 1650 minus
1473 1618 1694 1660 probabiliter

144 1669 314 1711 promittit
344 1668 381 1700 in
406 1669 601 1709 promittens
630 1671 829 1700 mutaretur.
876 1667 917 1699 de
943 1669 1110 1708 promittit
1136 1670 1250 1700 omnia
1275 1667 1352 1700 uide
1385 1669 1536 1702 Maneth.
1566 1679 1605 1702 1v
1629 1672 1688 1702 311

151 1721 364 1760 παμπαθέασ,
401 1721 616 1759 στομάτεσσιν
652 1721 871 1759 ὀπυιομένουσ,
909 1721 1114 1759 Ὑονοπώτασ,
1148 1729 1173 1752 V
1204 1722 1265 1752 283
1305 1722 1450 1762 λάγνουσ
1484 1723 1536 1753 καὶ
1574 1734 1690 1753 παντο-

152 1774 282 1812 παθεῖσ,
308 1772 350 1804 de
380 1773 526 1805 tremula
554 1773 671 1804 dextra
701 1782 836 1804 uersum
867 1774 907 1803 24
939 1775 974 1804 et
1003 1772 1114 1804 locum
1141 1783 1160 1804 a
1187 1773 1361 1814 Postgatio
1388 1773 1541 1806 adlatum
1573 1773 1690 1806 Claud.

151 1826 188 1858 in
223 1825 320 1857 Eutr.
356 1833 369 1856 1
405 1824 573 1857 365-370.
635 1826 781 1856 ceterum
815 1824 864 1856 ita
901 1834 1016 1855 uersus
1053 1824 1251 1866 interpunxi
1291 1828 1330 1856 ut
1367 1836 1571 1866 quacumque
1610 1825 1692 1857 rela-

150 1877 264 1910 tiuum
285 1879 394 1915 esset3
417 1876 476 1907 alii
497 1878 574 1918 post
593 1876 710 1907 dextra
732 1875 867 1917 plenam
889 1875 1143 1907 distinctionem
1167 1879 1309 1918 ponunt,
1330 1876 1504 1909 incondita
1528 1877 1689 1915 oratione,

151 1928 321 1961 sententia
354 1930 468 1970 aperte
499 1927 583 1958 falsa
685 1931 704 1958 5
729 1927 935 1967 franyenda.
971 1927 1071 1958 Mart.
1103 1936 1160 1959 XII
1195 1927 1235 1960 74
1269 1929 1308 1959 10
1337 1929 1551 1969 franyendus
1578 1930 1692 1969 suerit

149 1982 181 2012 si
203 1981 274 2018 tibi,
301 1979 425 2018 Flacca,
451 1980 550 2016 calix,
575 1978 670 2010 anth.
699 1978 769 2010 Pal.
798 1987 838 2010 XI
867 1980 907 2010 39
932 1980 1031 2018 ἐχθέσ
1057 1990 1109 2017 μοι
1136 1980 1284 2010 συνέπινε
1308 1981 1399 2019 γυνή,
1428 1982 1499 2021 περὶ
1523 1982 1566 2019 ῆσ
1589 1981 1693 2021 λόγοσ

151 2033 232 2073 ἔρρει
251 2031 256 2074 Ι
278 2032 338 2071 οὐχ
375 2031 485 2070 ὑγιήσ·
516 2031 642 2069 παῖδεσ,
679 2032 838 2070 θραύσατε
867 2031 931 2061 τὰσ
962 2032 1099 2061 κύλικασ
1207 2035 1225 2063 6
1256 2032 1459 2071 colocynthae
1489 2032 1624 2064 nomine
1656 2044 1692 2066 os

151 2084 324 2125 impurum
354 2081 537 2124 significari
567 2082 781 2124 perspicuum
811 2084 885 2119 est;
916 2092 953 2113 ac
983 2092 1043 2123 pro
1068 2092 1122 2113 ore
1145 2082 1335 2124 cunnilingi
1359 2083 1596 2125 colocyntham
1619 2085 1690 2117 siue

152 2136 264 2167 σικύαν
302 2134 384 2176 poni
420 2143 516 2175 posse
553 2133 727 2175 colligitur
769 2143 810 2164 ex
847 2133 894 2164 eis
936 2143 1021 2175 quae
1058 2132 1099 2164 de
1143 2133 1334 2166 cucurbitae
1371 2145 1435 2167 usu
1477 2135 1605 2168 medico
1648 2137 1692 2168 ab

152 2187 361 2229 Hippocrate
396 2184 523 2217 tradita
559 2187 640 2217 sunt
676 2184 726 2216 ed.
762 2185 853 2216 Foes.
889 2195 921 2227 p.
957 2186 1017 2217 263
1059 2187 1098 2216 16
1137 2187 1237 2225 ταύτῃ
1274 2187 1338 2226 χρὴ
1369 2188 1480 2226 σικύην
1519 2189 1690 2227 ἐμποιῆσαι

152 2241 190 2271 ἐσ
216 2239 275 2277 τὴν
299 2238 433 2278 μήτρην,
462 2238 522 2268 581
552 2236 591 2269 37
619 2238 759 2268 ἐνθέσθω
787 2239 823 2267 ἐσ
845 2238 881 2267 τὸ
909 2237 1026 2267 αἰδοῖον
1049 2238 1085 2267 τὸ
1107 2237 1203 2277 ἄκρον
1228 2238 1291 2275 τῆσ
1317 2240 1432 2277 σικύησ
1457 2239 1504 2270 ὡσ
1526 2241 1684 2279 ἐσωτάτω,

151 2291 215 2323 680
243 2291 283 2321 43
307 2290 327 2328 ἡ
350 2290 432 2330 ’γυνὴ
454 2289 720 2328 ἀμφικαθεζέσθω
743 2289 815 2329 περὶ
838 2282 1063 2329 τῆν’βάλανον
1085 2289 1148 2327 τῆσ
1172 2290 1297 2327 σικύησ,
1323 2291 1360 2321 τὸ
1384 2292 1502 2322 αἰδοῖον
1525 2293 1688 2330 ποιήσασα

151 2342 255 2374 ὁκοῖον
289 2342 344 2373 δεῖ.
401 2350 519 2373 uerum
550 2350 626 2371 cum
662 2340 741 2372 huic
772 2339 844 2371 loeo
880 2339 1070 2381 cunnilingi
1106 2340 1234 2372 mentio
1269 2341 1382 2373 minus
1418 2345 1498 2385 apta
1532 2342 1691 2376 uideatur

151 2404 254 2436 quam
275 2392 437 2425 senatoris
463 2391 555 2432 (uide
585 2394 698 2423 tamen
729 2392 828 2423 Mart.
859 2400 915 2423 XII
948 2393 998 2430 38,
1027 2391 1086 2423 ubi
1116 2391 1344 2434 cunnilingus,
1369 2404 1446 2425 cum
1469 2405 1537 2426 non
1562 2395 1685 2435 sutuat,

151 2446 273 2478 marito
299 2443 473 2477 timendus
502 2454 572 2475 esse
597 2444 753 2485 negatur)
778 2444 917 2475 fortasse
941 2443 1008 2474 alia
1032 2443 1221 2485 quaerenda
1252 2448 1302 2476 est
1332 2445 1522 2487 explicatiO.
1582 2457 1689 2479 unum

151 2507 282 2532 moneo,
310 2496 383 2528 falli
414 2496 472 2538 qui
503 2495 652 2527 Plinium
680 2495 753 2526 n.h.
780 2504 848 2526 XIX
872 2495 911 2528 17
940 2495 1130 2527 cucurbitas
1161 2506 1220 2537 pro
1250 2496 1398 2529 matellis
1429 2497 1464 2529 in
1495 2508 1558 2530 usu
1588 2499 1691 2531 fuisse

151 2559 285 2581 narrare
315 2547 436 2580 dicunt
537 2547 674 2578 barbata
703 2547 852 2578 chelidon
885 2556 1015 2578 cunnus
1051 2549 1124 2585 est;
1161 2546 1239 2578 uide
1261 2547 1355 2580 Suid.
1390 2551 1521 2588 λέγεται
1551 2552 1689 2590 χελιδὼν

153 2601 206 2632 καὶ
227 2601 292 2631 τῶν
314 2600 472 2640 ’γυναικῶν
493 2600 530 2630 τὸ
553 2599 660 2639 μόριον
686 2598 802 2640 (quam
827 2597 983 2629 uocabuli
1006 2598 1286 2640 significationem
1310 2601 1423 2643 tangit
1445 2602 1688 2644 Aristophanes

153 2652 230 2694 Lys.
263 2651 402 2691 770-7),
436 2650 544 2692 Priap.
579 2652 618 2681 12
647 2651 760 2681 10-14
788 2649 863 2681 iube
890 2650 989 2681 latere
1010 2648 1014 2690 Ι
1032 2650 1132 2682 scissa
1161 2651 1219 2682 sub
1249 2654 1365 2684 tunica
1395 2655 1540 2694 stolaque
1569 2654 1686 2695 Wsffil

152 2706 191 2736 ut
212 2713 336 2744 semper
360 2704 445 2740 solet,
463 2705 491 2734 et
507 2702 620 2733 timere
638 2702 751 2740 lucem,
777 2700 781 2742 Ι
801 2701 861 2741 qui
882 2704 973 2732 tanto
990 2704 1081 2741 patet
1101 2702 1250 2734 indecens
1271 2703 1379 2741 hiatu,
1402 2703 1406 2745 Ι
1427 2705 1559 2736 barbato
1581 2716 1692 2737 macer

152 2756 312 2787 eminente
337 2765 428 2794 naso,
457 2754 556 2785 Mart.
584 2762 610 2784 X
637 2754 678 2784 90
707 2754 799 2784 1—10
826 2753 909 2794 quid
931 2753 1031 2784 uallis
1053 2754 1216 2793 uetulum,
1247 2755 1360 2795 Liqea,
1392 2757 1586 2798 cunnunz?l
1609 2782 1615 2789 .
1642 2782 1649 2789 .
1675 2782 1682 2788 .

151 2808 223 2839 noli
241 2806 246 2849 Ι
267 2807 404 2839 barbam
430 2806 550 2838 uellere
576 2808 705 2836 mortuo
728 2805 836 2842 leoni;
871 2804 926 2836 hic
952 2807 1065 2837 autem
1092 2815 1150 2846 per
1176 2806 1433 2839 translationem
1464 2808 1602 2850 ponitur
1630 2819 1690 2851 pro

151 2868 206 2890 ore
222 2857 385 2891 fellatoris

1528 2919 1554 2949 Ε
