1947 3145
241 97 333 137 142
839 90 1167 132 IVVENALIS

375 212 651 266 Pythagoras,
674 210 840 251 cunctis
864 207 1120 249 animalibus
1143 202 1356 248 abstinuit
1379 207 1454 261 qui

375 293 597 341 tamquam
620 285 792 326 homine
817 289 859 324 et
883 283 1024 324 uentri
1048 282 1230 322 indulsit
1254 296 1341 322 non
1365 294 1490 322 omne
1513 281 1744 336 legumen?

846 485 1049 521 SATVRA
1077 484 1171 519 XVI

380 597 489 647 Quis
513 608 735 636 numerare
761 598 888 648 queat
913 593 1049 634 felicis
1072 592 1271 647 praemia,
1297 591 1424 640 Galli,

376 672 591 713 militiae?
660 684 761 710 nam
785 670 821 710 si
845 669 1082 710 subeuntur
1105 680 1302 721 prospera
1327 672 1466 708 castra

289 759 334 790 2A
371 746 436 787 m'l
461 747 540 786 tibi
565 747 612 786 di
632 749 808 799 possunt
833 745 988 784 donare
1013 743 1208 796 optatius.
1281 755 1370 795 erqo

380 836 448 863 me
472 820 678 875 pauidum
703 820 889 873 excipiat
913 820 1098 860 tironem
1121 823 1246 872 porta
1271 816 1451 858 secundo

380 897 525 938 sidere.
595 896 693 950 plus
717 896 876 936 etenim
905 894 985 934 fati
1013 893 1128 933 ualet
1152 893 1255 933 hora
1279 891 1454 946 benigni

291 985 309 1014 5
378 986 508 1027 quam
533 971 569 1012 si
594 984 669 1011 nos
694 970 875 1010 Veneris
898 967 1167 1009 commendet
1191 966 1376 1021 epistula
1400 966 1538 1006 Marti

383 1053 426 1088 et
452 1046 597 1088 Samia
622 1045 820 1100 genetrix
845 1057 952 1098 quae
978 1043 1215 1084 delectatur
1240 1042 1406 1082 harena.

446 1120 666 1162 commoda
689 1124 924 1161 tractemus
947 1119 1137 1172 primum
1161 1117 1417 1164 communia,
1441 1128 1621 1170 quorum

383 1198 490 1238 haut
516 1196 745 1236 minimum
769 1194 880 1235 illud
903 1194 997 1241 erit,
1021 1206 1073 1233 ne
1098 1198 1141 1233 te
1165 1191 1336 1246 pulsare
1361 1194 1533 1245 togatus

381 1272 550 1320 audeat,
574 1271 716 1319 immo,
739 1270 820 1311 etsi
843 1269 1049 1323 pulsetur,
1073 1267 1315 1308 dissimulet
1340 1279 1416 1306 nec

271 1359 311 1389 10
381 1347 533 1388 audeat
558 1359 752 1387 excussos
776 1345 964 1399 praetori
987 1343 1204 1384 ostendere
1229 1342 1377 1383 dentes

381 1428 425 1464 et
449 1423 617 1477 nigram
641 1422 688 1461 in
713 1420 819 1461 facie
844 1419 1023 1460 tumidis
1048 1418 1257 1458 liuoribus
1281 1417 1404 1457 offam

383 1503 514 1552 atque
539 1497 712 1538 oculum
735 1495 897 1536 medico
921 1494 986 1534 nil
1010 1493 1289 1547 promittente
1313 1492 1521 1533 relictum.

386 1573 618 1613 Bardaicus
642 1571 773 1612 iudex
798 1571 925 1611 datur
948 1570 1051 1610 haec
1075 1568 1227 1622 punire
1253 1568 1417 1608 uolenti

383 1648 547 1690 calceus
572 1651 616 1688 et
641 1646 820 1701 grandes
844 1658 1000 1699 magna
1025 1644 1079 1684 ad
1103 1642 1303 1683 subsellia
1327 1655 1444 1683 surae

274 1736 314 1766 15
386 1724 551 1778 legibus
575 1722 767 1776 antiquis
791 1725 1025 1761 castrorum
1049 1724 1092 1759 et
1117 1731 1230 1759 more
1257 1717 1430 1759 Camilli

384 1803 565 1846 seruato,
589 1797 713 1838 miles
736 1810 789 1837 ne
814 1796 979 1836 uallum
1003 1794 1149 1849 litiget
1174 1798 1293 1834 extra

384 1880 428 1915 et
453 1873 599 1928 procul
623 1887 647 1913 a
672 1872 814 1926 signis.
884 1870 1147 1911 ‘iustissima
1171 1869 1473 1910 centurionum

384 1949 572 2004 cognitio
597 1953 661 1988 est
678 1947 686 1961 '
712 1947 856 2000 inquis
879 1950 888 1965 ‘
905 1946 955 1986 de
980 1945 1133 1993 milite,
1159 1958 1235 1984 nec
1259 1944 1368 1984 mihi
1395 1943 1507 1983 derit

384 2025 507 2073 ultio,
532 2024 567 2065 si
592 2024 731 2064 iustae
756 2022 947 2063 defertur
971 2034 1098 2061 causa
1123 2019 1355 2074 querellae.’

315 2133 379 2161 174
395 2137 514 2161 omnes
530 2128 556 2159 P
572 2128 735 2167 legumen
751 2126 872 2157 omisso

316 2203 335 2230 1
351 2197 438 2238 galli
453 2198 520 2234 PU,
539 2197 631 2236 galle
647 2194 685 2226 Ψ
774 2199 793 2226 2
815 2204 899 2226 nam
921 2192 995 2230 ΡΨ,
1013 2193 1107 2233 quod
1129 2192 1228 2223 Prisc.
1246 2191 1372 2223 G.L.K.
1391 2200 1420 2222 11
1442 2202 1473 2233 p.
1494 2192 1556 2222 399
1581 2194 1614 2222 et
1636 2191 1698 2223 435

295 2250 492 2280 subeuntur
506 2249 559 2280 PF
576 2247 777 2285 Priscianus,
791 2247 986 2278 subeantur
1001 2245 1126 2281 ALO'I',
1147 2243 1188 2275 de
1205 2245 1265 2275 GU
1282 2242 1370 2274 nihil
1387 2245 1562 2274 enotamm
1578 2242 1684 2274 habeo

295 2301 384 2333 inter
400 2305 419 2332 2
436 2303 470 2332 et
486 2304 504 2332 3
522 2298 649 2331 excidit
663 2309 779 2330 uersus
795 2296 998 2335 huiusmodi,
1016 2298 1069 2328 71ίί
1085 2297 1146 2327 tihi
1162 2297 1199 2326 dz'
1210 2299 1346 2336 possunt
1361 2295 1485 2325 donare
1501 2295 1653 2334 optatius.
1703 2305 1784 2335 erqo.

250 2353 405 2385 lacunam
437 2352 569 2383 subesse
604 2350 776 2382 intellexit
807 2349 972 2386 Iahnius3
1004 2357 1157 2389 peruerse
1188 2347 1279 2377 enim
1308 2346 1419 2377 uerbis
1449 2346 1586 2377 secundo
1615 2346 1719 2378 sidere
1749 2346 1785 2377 iu

251 2403 389 2446 apodosi
412 2403 577 2444 repetitur
600 2401 691 2444 quod
715 2402 751 2433 in
775 2400 901 2443 protasi
928 2399 1149 2441 praemissum
1174 2400 1224 2429 est
1245 2407 1413 2438 prospera,
1441 2401 1480 2429 ut
1507 2397 1654 2439 primum
1680 2400 1785 2439 ponat

251 2459 351 2499 poeta
366 2455 492 2487 tirones
509 2454 619 2485 felices
636 2454 776 2491 futui-OS,
798 2450 918 2483 deinde
935 2451 997 2482 hoc
1013 2451 1122 2492 posito
1140 2453 1243 2492 optet,
1264 2459 1331 2480 non
1347 2451 1388 2480 ut
1404 2448 1469 2480 ‘ciro
1487 2448 1554 2487 fiat,
1576 2448 1634 2480 sed
1648 2451 1689 2480 ut
1705 2448 1785 2479 felix

250 2508 317 2540 tiro
409 2510 427 2538 3
444 2507 597 2545 excipiet
613 2506 649 2542 Ο,
668 2505 848 2544 excipiant
863 2505 894 2536 U
983 2507 1002 2534 5
1018 2503 1113 2533 -tula
1128 2511 1168 2532 ex
1185 2502 1302 2533 GLTU
1391 2504 1410 2532 8
1431 2509 1475 2532 ne
1496 2502 1534 2532 te
1549 2501 1645 2534 PAO,
1665 2509 1728 2532 1100
1743 2501 1783 2535 U,

250 2560 334 2592 site
350 2556 387 2589 Ψ
477 2561 517 2588 12
533 2557 672 2588 oculum
693 2557 760 2592 PU,
780 2556 878 2587 oculo
895 2556 929 2588 F,
950 2554 1068 2586 oculos
1084 2552 1121 2584 Ψ
1207 2554 1373 2584 relictum
1393 2553 1460 2586 PU.
1480 2553 1624 2583 relictos
1644 2550 1690 2585 Ψ,
1713 2553 1787 2583 -nte

248 2611 375 2642 relicto
391 2609 428 2640 in
443 2618 504 2639 ras.
527 2617 551 2648 p
639 2612 679 2639 18
696 2606 844 2647 inquis*
863 2605 931 2645 (uel
952 2605 1094 2645 inquit),
1115 2605 1227 2644 igitur
1245 2602 1318 2642 ΡΨ,
1341 2614 1407 2645 qua
1430 2602 1594 2645 particula
1616 2602 1730 2633 Latini
1751 2602 1788 2633 in

250 2661 479 2703 occupatione,
500 2664 538 2691 ut
562 2661 647 2690 esset
671 2662 705 2689 at
728 2660 826 2697 enim,
848 2657 901 2689 usi
917 2667 985 2688 non
1003 2658 1108 2694 sunt;
1131 2655 1167 2687 id
1190 2655 1279 2697 quod
1304 2665 1345 2686 ne
1368 2654 1539 2686 quenalis
1560 2653 1696 2696 quidem
1718 2653 1786 2686 edi-

252 2713 381 2745 toribus
404 2712 560 2754 ignotum
584 2712 642 2746 est,
661 2712 700 2741 ut
722 2709 855 2740 haesuri
879 2708 1005 2740 fuerint
1028 2707 1057 2739 si
1079 2706 1179 2749 paulo
1203 2707 1384 2738 attentiore
1407 2706 1520 2737 animo
1543 2708 1654 2737 totum
1677 2705 1788 2737 locum

250 2764 421 2806 legissent.
468 2761 678 2800 Weidnerus,
700 2761 753 2792 cui
776 2763 951 2802 propterea
974 2759 1151 2800 displicuit
1172 2760 1279 2799 igitur
1299 2758 1379 2799 quia
1400 2758 1521 2799 quinto
1544 2756 1616 2788 loco
1640 2757 1789 2798 positum

252 2819 349 2855 esset,
377 2815 562 2847 orationem
590 2816 666 2854 post
689 2812 828 2852 coqnitz'o
851 2815 894 2843 est
917 2810 1133 2852 interpunxit
1156 2815 1190 2841 et
1212 2820 1267 2841 7100
1289 2809 1378 2841 mihi
1400 2819 1459 2851 pro
1482 2819 1522 2840 ne
1545 2809 1632 2840 mihi
1654 2809 1787 2849 quidem

251 2867 391 2909 accepit,
409 2866 499 2908 quod
515 2865 617 2897 nimis
633 2863 756 2895 durum
772 2873 832 2894 nec
849 2863 931 2894 satis
948 2865 1066 2904 aptum
1082 2861 1219 2892 uidetur
