1947 3145
164 111 189 150 2
198 110 222 151 6
762 108 1088 150 IVVENALIS

294 226 505 268 stridebat
529 226 730 267 deformis
755 225 891 266 hiems
915 225 1200 279 praedamque
1225 228 1438 265 recentem

295 302 517 352 seruabat;
555 307 698 343 tamen
724 301 793 341 hic
817 304 1028 354 properat,
1055 299 1174 340 uelut
1200 304 1381 354 urgueat
1406 303 1557 339 auster.

184 387 225 418 60
296 380 427 431 utque
452 376 568 417 lacus
593 377 803 423 suberant,
828 375 902 415 ubi
927 389 1186 428 quamquam
1211 375 1353 415 diruta
1377 378 1519 415 seruat

297 451 440 506 ignem
466 451 693 491 Troianum
717 454 759 490 et
784 449 960 490 Vestam
985 450 1088 489 colit
1113 450 1226 490 Alba
1250 450 1467 496 minorem,

298 526 469 567 obstitit
494 526 678 566 intranti
703 525 900 565 miratrix
926 525 1050 565 turba
1074 538 1310 578 parumper.

299 607 348 643 ut
372 602 507 651 cessit,
533 602 649 642 facili
672 605 904 654 patuerunt
927 601 1098 641 cardine
1122 601 1298 651 ualuae3

298 677 460 717 exclusi
485 681 678 729 spectant
703 676 886 716 admissa
911 677 1082 716 obsonia
1106 681 1258 729 patres.

187 762 227 794 65
297 752 388 792 itur
412 752 465 792 ad
489 751 680 792 Atriden.
750 755 845 791 tum
869 751 1020 791 Picens
1043 755 1052 771 ‘
1069 751 1209 804 accipe
1226 751 1234 764 '
1260 750 1375 791 dixit

299 831 308 847 ‘
324 826 504 879 priuatis
529 826 689 866 maiora
714 825 826 866 focis.
898 825 1078 879 genialis
1102 830 1254 880 agatur

299 901 380 942 iste
406 900 520 951 dies3
554 914 729 954 propera
754 900 1020 940 stomachum
1045 899 1185 940 laxare
1210 900 1357 953 sagina

298 980 341 1016 et
366 979 442 1016 tua
467 980 684 1016 seruatum
707 988 905 1016 consume
930 975 975 1014 in
1001 975 1168 1015 saecula
1192 974 1429 1014 rhombum.

300 1050 388 1103 ipse
412 1050 505 1103 capi
531 1049 698 1090 uoluit.'
771 1049 876 1104 quid
900 1049 1122 1102 apertius?
1191 1053 1234 1089 et
1260 1053 1404 1089 tamen
1429 1048 1495 1087 illi

188 1135 229 1167 70
297 1125 529 1179 surgebant
553 1125 713 1166 cristae.
785 1125 898 1164 nihil
922 1129 985 1165 est
1009 1124 1121 1178 quod
1145 1124 1309 1164 credere
1334 1123 1383 1164 de
1408 1137 1449 1163 se

299 1213 385 1240 non
409 1200 543 1253 possit
567 1214 666 1240 011111
690 1200 886 1240 laudatur
910 1199 975 1239 dis
998 1213 1131 1252 aequa
1155 1203 1351 1252 potestas.

300 1275 372 1316 sed
398 1274 516 1315 derat
540 1275 646 1328 pisci
670 1275 841 1328 patinae
866 1287 1072 1315 mensura.
1142 1278 1349 1314 uocantur

298 1363 396 1404 ergo
421 1350 468 1390 in
492 1350 719 1390 consilium
737 1363 937 1403 proceres,
962 1363 1064 1402 quos
1089 1349 1232 1389 oderat
1256 1348 1341 1396 ille,

300 1425 346 1465 in
372 1438 555 1478 quorum
579 1424 686 1465 facie
711 1425 885 1464 miserae
910 1437 1173 1478 magnaeque
1198 1423 1368 1464 sedebat

188 1508 229 1541 75
299 1499 437 1553 pallor
461 1500 686 1540 amicitiae.
757 1500 922 1553 primus
946 1499 1157 1539 clamante
1183 1498 1371 1538 Liburno

300 1578 309 1594 ‘
326 1574 498 1623 currite,
522 1575 609 1614 iam
634 1574 767 1615 sedit'
792 1578 914 1627 rapta
938 1573 1194 1627 properabat
1219 1572 1359 1613 abolla

301 1650 495 1704 Pegasus
519 1650 729 1690 attonitae
754 1650 920 1703 positus
944 1648 1067 1689 modo
1092 1648 1248 1688 uilicus
1274 1648 1379 1688 urbi.

301 1738 413 1765 anne
437 1724 557 1765 aliud
581 1729 673 1766 tum
697 1724 898 1779 praefecti
918 1725 932 1764 2
1002 1737 1186 1777 quorum
1211 1723 1398 1776 optimus
1423 1726 1551 1776 atque

302 1799 509 1852 interpres
534 1800 676 1854 legum
702 1799 998 1840 sanctissimus
1023 1799 1176 1847 onmia,
1200 1795 1447 1852 †quamque

233 1889 272 1917 59
293 1886 394 1917 uelut
415 1884 517 1918 Vind.
543 1884 592 1924 Ψ,
617 1887 675 1918 uel
699 1887 754 1918 PT
843 1890 882 1918 63
907 1887 950 1917 ut
974 1886 1035 1923 PS,
1057 1888 1093 1917 et
1116 1884 1163 1923 Ψ,
1192 1885 1357 1916 incertum
1382 1887 1496 1916 utrum
1514 1883 1615 1916 Vind.

211 1941 252 1969 65
275 1939 360 1969 tunc
382 1938 469 1969 AGL
558 1943 598 1970 67
622 1940 749 1978 sagina
774 1938 994 1969 Buechelerus
1018 1939 1052 1969 et
1074 1936 1283 1976 Weidnerus,
1304 1938 1466 1976 saginam
1487 1937 1548 1975 PS,
1570 1936 1708 1976 saginis

167 1987 272 2020 Vind.
292 1987 338 2024 Ψ,
356 1990 502 2029 sagittis
518 1991 543 2021 Γ
560 1990 686 2021 Probus
704 1989 830 2029 Vanae,
851 1992 1031 2030 utrumque
1048 1988 1200 2030 agnoscit
1215 1986 1253 2019 Σ.
1301 1987 1399 2029 Cypr.
1421 1987 1514 2029 hept.
1532 1998 1624 2019 num.
1642 1989 1703 2020 355

168 2039 257 2071 laeta
283 2043 411 2071 uenires
439 2041 554 2071 Zcmare
580 2042 701 2081 sayioza
800 2046 840 2073 78
871 2041 935 2072 del.
968 2039 1186 2072 Heinrichius
1213 2039 1400 2070 sententiae
1427 2049 1620 2071 succurrens
1647 2038 1705 2070 sed

169 2094 377 2132 repugnante
394 2094 509 2132 poetae
526 2092 777 2132 consuetudine,
798 2093 856 2134 qui
879 2102 1083 2133 quamquam
1107 2102 1182 2123 curn
1205 2090 1391 2122 indicatiuo
1414 2101 1483 2121 non
1506 2090 1705 2131 eoniungit;

168 2142 283 2183 itaque
306 2142 372 2174 alia
395 2143 594 2184 temptanda
617 2146 667 2175 est
691 2143 934 2176 emendationis
962 2143 1047 2174 ratio
1134 2145 1219 2174 tunc
1244 2141 1345 2173 Vind.
1374 2143 1462 2174 GLU
1549 2142 1605 2173 hic
1629 2144 1704 2183 post

169 2203 312 2234 quorum
335 2193 410 2225 add.
436 2196 490 2226 FT
517 2194 640 2236 aliique
729 2201 768 2227 79
792 2205 968 2236 quamque
999 2197 1034 2233 P,
1067 2203 1280 2234 quamquam
1304 2192 1406 2225 Vind.
1436 2191 1482 2232 Ψ,
1511 2191 1601 2235 quod
1631 2203 1702 2224 sen-

170 2245 314 2277 tentiam
330 2245 497 2277 interimit
513 2246 560 2277 ibi
576 2247 723 2288 positum
740 2247 798 2278 ubi
820 2246 974 2288 ponenda
998 2250 1102 2285 erant,
1123 2245 1350 2286 intellegenda
1374 2247 1460 2276 certe
1484 2247 1574 2283 sunt,
1594 2247 1705 2275 tamen

170 2298 204 2328 et
220 2299 335 2336 utpote.
385 2298 509 2328 etenim
532 2298 699 2330 iustitiam
723 2299 791 2329 suis
815 2299 915 2330 armis
939 2298 1078 2340 priuare,
1107 2296 1197 2339 quod
1222 2297 1387 2339 plerisque
1411 2295 1580 2328 quenalis
1603 2296 1704 2327 inter-

170 2347 320 2389 pretibus
339 2347 506 2379 laudabile
528 2349 635 2380 uideri
657 2360 696 2380 ex
718 2360 831 2381 eorum
854 2349 1062 2381 enarratione
1087 2348 1268 2389 colligitur,
1291 2348 1435 2390 improbi
1456 2350 1506 2379 est
1533 2346 1701 2378 hominis:

170 2397 205 2430 id
229 2403 268 2430 ut
292 2399 445 2441 Pegasus,
466 2401 620 2442 quamuis
643 2401 884 2442 praefectorum
908 2401 1056 2443 optimus
1080 2403 1114 2432 et
1137 2400 1368 2431 sanctissimus
1391 2399 1502 2440 legum
1526 2398 1699 2439 interpres,

169 2450 234 2483 sibi
258 2450 446 2482 faciendum
471 2455 605 2493 putaret
629 2456 663 2484 et
686 2453 808 2484 scelera
831 2453 1000 2495 impunita
1025 2452 1222 2490 dimitteret,
1251 2451 1390 2482 diritate
1416 2453 1613 2491 temporum,
1642 2448 1704 2480 1100

171 2504 222 2533 est
238 2502 354 2543 iniqua
367 2502 554 2534 Domitiani
570 2503 751 2545 tyrannide
769 2503 858 2543 (uide
875 2513 900 2535 x
918 2506 967 2543 15,
989 2504 1088 2535 Mart.
1110 2512 1165 2534 xn
1184 2505 1201 2534 6
1220 2505 1256 2534 11
1276 2513 1324 2544 sq.
1342 2514 1350 2534 z
1368 2504 1541 2543 corruptos
1554 2501 1705 2532 ciuitatis

170 2563 278 2584 mores
293 2552 361 2584 illis
378 2554 487 2584 verbis
503 2555 681 2596 significari
698 2566 765 2586 11011
781 2566 875 2597 posse
892 2554 1095 2586 admonendi
1111 2554 1271 2586 uidentur
1286 2553 1467 2592 nonnulli),
1484 2552 1638 2584 effectum
1654 2554 1705 2583 est

171 2608 206 2636 et
228 2603 307 2636 inde
330 2605 578 2637 exeusationem
603 2606 744 2644 habuit;
769 2607 834 2638 nisi
858 2606 948 2648 quod
973 2607 1031 2648 qui
1055 2607 1101 2638 sic
1125 2606 1196 2647 agit
1219 2616 1286 2636 non
1310 2608 1381 2636 tam
1405 2604 1589 2646 praefectus
1613 2603 1706 2634 urbis

170 2665 274 2698 quam
300 2655 420 2687 uilicus
447 2659 548 2698 atque
575 2657 694 2689 iniusti
721 2657 851 2689 domini
878 2668 994 2689 seruus
1021 2656 1241 2699 appellandus
1269 2659 1328 2687 est.
1385 2664 1590 2696 quamquam
1617 2653 1706 2685 unde

170 2707 340 2749 irrepserit
367 2707 540 2740 ostendere
566 2708 702 2741 uidetur
728 2708 766 2748 Σ,
794 2709 904 2741 10011111
931 2710 1013 2741 satis
1041 2712 1128 2741 recte
1156 2709 1201 2740 sic
1225 2708 1474 2749 interpretatus,
1502 2716 1706 2747 quamquam

171 2760 323 2799 optimus,
344 2762 455 2791 tamen
464 2770 528 2800 pro
544 2763 683 2801 tempore
698 2762 812 2792 omnia
827 2762 950 2793 iniuste
967 2762 1084 2801 (immo
1101 2761 1191 2792 iusto
1208 2759 1390 2798 remissius)
1407 2759 1534 2798 aqcnda
1549 2758 1703 2796 credebat,

169 2820 270 2852 quem
286 2821 490 2852 quamquam
520 2822 618 2844 uersu
635 2812 674 2845 79
691 2823 759 2843 non
783 2812 901 2853 legisse
926 2813 1136 2854 perspicuum
1156 2814 1216 2843 est.
1266 2809 1347 2852 quid
1363 2810 1399 2841 in
1416 2810 1485 2841 eius
1502 2809 1613 2841 locum
1629 2809 1704 2841 sub-

169 2862 269 2893 stitui
285 2861 405 2894 debeat
421 2863 519 2905 plane
535 2863 701 2894 incertum
719 2866 791 2901 est;
815 2874 921 2905 neque
944 2865 1034 2895 enim
1051 2863 1237 2895 Pithoeano
1261 2864 1397 2894 tantum
1421 2860 1551 2893 confido
1574 2863 1614 2893 ut
1635 2861 1706 2892 eius

171 2917 357 2959 scripturae
373 2915 504 2948 subesse
521 2914 653 2946 credam
668 2915 796 2956 quippe,
817 2915 907 2957 quod
924 2916 994 2946 sine
1011 2915 1112 2946 uerbo
1129 2914 1225 2946 finito
1242 2914 1389 2955 positum
1406 2916 1457 2945 est
1471 2921 1528 2945 x11
1546 2912 1564 2945 7
