1947 3145
783 104 1015 146 SATVRA
1050 105 1089 145 V
1643 111 1667 151 2
1677 111 1700 151 9

306 221 393 262 iam
417 220 578 262 medias
601 220 813 275 aliamque
837 222 1004 271 famem,
1028 237 1125 263 cum
1150 223 1296 277 pulmo
1322 225 1502 266 Falerno

308 295 487 337 arderet.
558 296 669 336 nulli
693 297 827 337 maior
852 297 936 338 fuit
961 312 1082 339 ussus
1106 298 1257 340 edendi

172 381 235 414 140
305 375 558 425 tempestate
582 384 700 411 mea:
738 371 893 413 Circeis
918 378 1020 413 nata
1045 373 1184 414 forent
1209 388 1262 414 an

306 446 541 486 Lucrinum
565 445 618 486 ad
643 459 794 486 saxum
819 446 1099 501 Rutupinoue
1123 448 1238 489 edita
1263 449 1396 490 fundo

307 526 443 562 ostrea
466 520 648 562 callebat
673 521 812 575 primo
836 521 1090 576 deprendere
1115 538 1268 574 morsu,

306 601 350 637 et
371 595 500 637 semel
523 596 684 650 aspecti
709 596 814 637 litus
838 597 1005 638 dicebat
1029 599 1182 639 echini.

306 671 510 726 surgitur,
535 675 578 712 et
602 671 730 712 misso
755 685 946 725 proceres
970 674 1084 714 exire
1109 674 1316 716 iubentur

172 756 234 789 145
305 746 493 795 consilio,
518 760 622 800 quos
646 747 862 787 Albanam
887 747 973 787 dux
998 762 1180 803 magnus
1204 750 1250 790 in
1275 763 1412 791 arcem

306 826 495 863 traxerat
519 822 728 862 attonitos
753 827 796 862 et
821 822 1024 864 festinare
1049 829 1225 872 coactos,

305 901 526 951 tamquam
550 897 601 937 de
627 896 798 937 Chattis
822 897 987 951 aliquid
1012 899 1228 952 toruisque
1254 899 1501 955 Sygambris

305 972 507 1020 dicturus,
532 976 754 1026 tamquam
778 985 829 1012 ex
854 973 1033 1013 diuersis
1056 974 1251 1027 partibus
1275 976 1385 1016 orbis

304 1047 434 1088 anxia
452 1047 678 1101 praecipiti
702 1047 888 1088 uenisset
913 1049 1097 1102 epistula
1120 1050 1263 1102 pinna.

171 1133 233 1166 150
304 1128 433 1176 atque
457 1122 626 1163 utinam
650 1123 717 1163 his
740 1123 885 1176 potius
910 1125 1034 1178 nugis
1059 1130 1151 1165 tota
1175 1125 1251 1166 illa
1277 1126 1462 1168 dedisset

304 1202 496 1251 tempora
520 1198 735 1246 saeuitiae,
759 1197 891 1239 claras
916 1199 1072 1252 quibus
1096 1200 1279 1242 abstulit
1304 1202 1400 1242 urbi

301 1273 588 1327 inlustresque
612 1273 777 1313 animas
796 1273 971 1326 impune
995 1279 1038 1315 et
1062 1274 1232 1316 uindice
1256 1276 1384 1317 nullo.

303 1348 376 1390 sed
398 1348 529 1402 periit
552 1353 781 1402 postquam
805 1348 1056 1390 cerdonibus
1080 1363 1167 1390 esse
1193 1351 1411 1392 timendus

302 1428 522 1478 coeperat:
557 1423 637 1463 hoc
661 1423 809 1464 nocuit
834 1423 1081 1464 Lamiarum
1105 1425 1229 1466 caede
1254 1426 1454 1468 madenti.

803 1652 1007 1688 SATVRA
1035 1654 1069 1688 V

302 1761 348 1802 Si
373 1766 416 1802 te
439 1762 647 1816 propositi
672 1762 864 1802 nondum
890 1762 1025 1816 pudet
1050 1768 1177 1817 atque
1202 1764 1347 1805 eadem
1373 1770 1438 1806 est
1464 1780 1596 1816 mens,

301 1842 353 1878 ut
377 1837 487 1878 bona
511 1850 676 1877 summa
696 1843 821 1891 putes
846 1838 988 1878 aliena
1016 1839 1161 1879 uiuere
1187 1840 1358 1893 quadra,

302 1912 338 1953 si
358 1917 479 1967 potes
502 1912 579 1953 illa
602 1913 694 1966 pati
719 1926 826 1966 quae
850 1927 925 1953 nec
951 1913 1202 1955 Sarmentus
1228 1915 1398 1969 iniquas

195 2036 200 2044 ,
301 1987 494 2029 Caesaris
518 1987 573 2028 ad
597 2001 763 2028 mensas
788 2001 862 2028 nec
887 1988 988 2029 uilis
1015 1988 1162 2029 Gabba
1187 1990 1370 2039 tulisset,

187 2073 207 2104 5
299 2063 498 2116 quamuis
521 2063 664 2103 iurato
687 2068 877 2104 metuam
903 2063 986 2104 tibi
1011 2064 1173 2104 credere
1199 2066 1311 2105 testi.

300 2142 450 2179 uentre
474 2138 588 2178 nihil
611 2138 714 2179 noui
739 2138 973 2193 frugalius3
1008 2139 1087 2180 hoc
1113 2144 1258 2180 tamen
1282 2140 1423 2195 ipsum

300 2213 500 2254 defecisse
523 2218 641 2267 puta,
666 2213 778 2267 quod
802 2214 922 2253 inani
947 2214 1104 2254 sufficit
1129 2214 1251 2255 aluo:

301 2288 422 2329 nulla
445 2288 613 2342 crepido
639 2290 795 2329 uacat?
864 2302 1076 2342 nusquam
1099 2303 1206 2342 pons
1230 2295 1274 2331 et
1299 2291 1454 2346 tegetis
1478 2306 1576 2347 pars

301 2363 483 2404 dimidia
506 2363 710 2404 breuior?
780 2364 949 2404 tantine
975 2364 1135 2404 iniuria
1160 2378 1298 2414 cenae,

165 2449 206 2482 10
299 2444 390 2480 tam
414 2438 559 2479 ieiuna
582 2438 715 2479 fames
739 2452 836 2478 cum
861 2439 997 2492 possit
1021 2439 1243 2481 honestius
1267 2441 1358 2482 illic

229 2539 292 2568 139
308 2544 414 2567 ussus
430 2545 469 2566 ex
486 2533 599 2573 Vind„
619 2533 697 2565 uide
714 2543 754 2565 IX
771 2536 811 2566 96
893 2539 954 2566 141
972 2543 1116 2566 saxsum
1132 2535 1234 2568 Paris.
1253 2538 1336 2569 9345
1414 2543 1491 2581 post
1508 2545 1568 2574 141
1585 2551 1701 2575 uersus

163 2587 201 2620 in
215 2588 242 2620 P
254 2597 367 2619 erasus
383 2589 442 2625 est,
460 2586 600 2618 titulum
613 2586 651 2617 de
667 2587 753 2617 cenis
768 2587 1009 2617 contumeliosis
1024 2585 1079 2618 hic
1092 2586 1195 2619 habet
1210 2590 1241 2621 Τ
1313 2594 1374 2622 14⁷
1391 2593 1526 2624 catthis
1541 2594 1576 2632 S,
1593 2596 1702 2627 cattis

165 2638 284 2678 Vind.,
305 2640 421 2671 *meeis
436 2640 472 2678 P,
493 2639 586 2678 getis
602 2636 664 2678 ΨΡ
751 2639 948 2677 Sygambris
965 2637 1081 2677 vind„
1103 2640 1169 2679 sig·
1187 2641 1253 2679 GO,
1276 2651 1349 2682 syc·
1367 2642 1432 2674 ΡΨ
1521 2649 1582 2677 148
1607 2655 1650 2678 ex
1673 2648 1700 2679 Ο

162 2690 253 2724 sicut
275 2690 459 2723 Ribbeckio
483 2691 772 2732 praemonstrante
796 2689 980 2721 coniecerat
1004 2689 1210 2732 Wefflnerus,
1239 2695 1275 2726 et
1298 2694 1362 2734 PT,
1390 2705 1455 2728 om.
1483 2695 1530 2736 Ψ,
1556 2707 1579 2730 a
1594 2697 1697 2730 Vind.

164 2742 288 2785 aliique

229 2824 251 2852 4
265 2820 381 2860 gabba
396 2820 447 2851 Ps
464 2817 566 2850 vind.
580 2819 617 2857 T,
637 2818 744 2858 galba
759 2816 797 2849 Ψ
885 2822 904 2850 8
928 2820 1034 2851 uocat
1046 2817 1147 2852 Vind.
1163 2820 1265 2854 Paris.
1282 2823 1364 2855 9345
1455 2829 1495 2857 10
1508 2826 1622 2866 possit
1634 2827 1697 2867 PF,

162 2872 280 2912 possis
303 2869 350 2910 Ψ,
370 2872 467 2911 posis
490 2869 592 2901 Vind.
613 2871 644 2903 U
