1947 3145
285 93 309 133 9
319 92 343 132 6
884 86 1212 128 IVVENALIS

284 218 347 250 205
417 207 591 256 coneris,
615 207 724 247 iacet
750 206 933 260 exiguus
957 218 1054 244 cum
1079 203 1234 243 ramice
1260 215 1419 243 neruus

415 287 470 331 et,
494 282 696 336 quamuis
720 285 812 321 tota
835 279 1033 333 palpetur
1057 282 1193 326 nocte,
1216 265 1390 318 iacebitss

416 370 527 397 anne
553 355 717 409 aliquid
743 366 910 407 sperare
935 357 1076 406 potest
1100 353 1203 393 haec
1226 351 1421 407 inguinis
1446 351 1561 405 aegri

414 431 626 472 canities?
694 428 797 483 quid
822 427 935 482 quod
958 427 1113 468 merito
1139 432 1335 480 suspecta
1359 426 1491 466 libido
1516 429 1579 466 est

414 519 522 561 quae
548 517 744 546 uenerem
768 503 954 544 adfectat
979 503 1069 543 sine
1093 502 1291 543 uiribus?
1361 501 1498 555 aspice
1520 501 1658 555 partis

280 593 343 624 210
412 595 527 622 nunc
551 580 756 620 damnum
780 577 966 618 alterius.
1037 591 1137 617 nam
1161 590 1267 631 quae
1290 581 1493 618 cantante
1516 575 1730 630 uoluptas,

413 657 470 696 sit
495 655 594 695 licet
619 654 813 702 eximius,
837 651 1079 693 citharoedo
1104 652 1193 693 siue
1219 652 1393 692 Seleuco

413 737 456 772 et
481 730 638 784 quibus
663 732 813 769 aurata
837 741 927 768 mos
950 732 1014 768 est
1039 727 1204 781 fulgere
1228 726 1428 767 lacerna?

413 804 518 860 quid
541 804 680 852 refert,
704 803 851 857 magni
877 802 1019 843 sedeat
1043 816 1126 856 qua
1150 806 1272 855 parte
1297 802 1459 842 theatri

413 880 487 934 qui
512 880 589 919 uix
613 878 848 920 cornicines
872 877 1072 917 exaudiet
1096 882 1223 930 atque
1249 877 1455 917 tubarum

279 968 342 999 215
411 956 672 997 concentus?
740 953 919 993 clamore
944 966 1052 1006 opus
1070 956 1134 992 est
1159 956 1208 992 ut
1233 952 1391 992 sentiat
1414 951 1530 992 auris

413 1044 540 1084 quem
565 1029 680 1069 dicat
705 1028 872 1068 uenisse
896 1041 1014 1081 puer,
1039 1032 1144 1081 quot
1168 1027 1341 1067 nuntiet
1365 1027 1502 1068 horas.

411 1110 628 1160 praeterea
652 1103 860 1144 minimus
883 1103 1022 1157 gelido
1047 1103 1133 1142 iam
1158 1103 1203 1142 in
1227 1115 1400 1155 corpore
1426 1101 1597 1156 sanguis

410 1180 525 1221 febre
549 1179 659 1221 calet
684 1178 783 1227 sola,
808 1177 1062 1219 circumsilit
1087 1177 1258 1231 agmine
1282 1177 1394 1218 facto

411 1256 656 1296 morborum
680 1267 804 1295 omne
828 1266 974 1308 genus,
999 1266 1179 1306 quorum
1204 1252 1240 1292 si
1264 1252 1440 1292 nomina
1465 1265 1651 1305 quaeras,

276 1342 340 1373 220
410 1330 655 1385 promptius
679 1328 903 1383 expediam
929 1332 1031 1382 quot
1056 1327 1270 1368 amauerit
1296 1327 1434 1381 Oppia
1457 1327 1664 1375 moechos,

412 1410 515 1460 quot
541 1405 770 1445 Themison
795 1416 940 1457 aegros
965 1407 1173 1443 autumno
1199 1402 1396 1443 occiderit
1421 1416 1517 1451 uno,

411 1484 516 1535 quot
540 1479 710 1520 Basilus
735 1479 879 1527 socios,
903 1482 1008 1531 quot
1033 1477 1413 1531 circumscripserit:
1437 1477 1595 1518 Hirrus

408 1555 609 1610 pupillos,
633 1558 737 1608 quot
762 1553 889 1607 longa
915 1552 1028 1593 uiros
1051 1552 1248 1593 exorbeat
1267 1566 1353 1592 uno

411 1631 567 1672 Maura
592 1629 671 1678 die,
697 1633 798 1683 quot
824 1627 1054 1681 discipulos
1079 1627 1260 1667 inclinet
1285 1627 1529 1678 Hamillus3

275 1719 338 1750 225
406 1719 653 1761 percurram
677 1705 805 1745 citius
829 1707 934 1757 quot
959 1702 1085 1743 uillas
1109 1702 1320 1756 possideat
1345 1716 1460 1743 nunc

411 1795 494 1837 quo
519 1780 723 1822 tondente
748 1778 891 1834 grauis
914 1778 1063 1818 iuueni
1088 1778 1197 1818 mihi
1221 1778 1350 1818 barba
1375 1777 1561 1818 sonabat.

409 1857 483 1898 ille
508 1869 667 1904 umero,
691 1855 762 1896 hic
784 1854 955 1902 lumbis,
980 1853 1049 1894 hic
1073 1867 1176 1894 coxa
1200 1853 1362 1902 debilis,
1387 1853 1531 1894 ambos

412 1932 600 1987 perdidit
624 1930 698 1971 ille
722 1930 863 1971 oculos
888 1933 930 1969 et
954 1929 1084 1969 luscis
1107 1928 1288 1977 inuidet,
1313 1928 1440 1969 huius

410 2007 570 2062 pallida
592 2006 712 2047 labra
736 2005 881 2046 cibum
906 2004 1124 2058 accipiunt
1149 2003 1299 2058 digitis
1324 2003 1489 2052 alienis,

275 2095 339 2127 230
409 2084 498 2137 ipse
521 2082 575 2123 ad
599 2085 875 2135 conspectum
899 2093 1024 2120 cenae
1049 2079 1248 2120 diducere
1273 2079 1428 2120 rictum

413 2163 557 2199 suetus
581 2158 675 2198 hiat
699 2161 873 2197 tantum
896 2169 973 2196 ceu
997 2154 1141 2209 pullus
1165 2154 1425 2203 hirundinis,
1448 2154 1503 2194 ad
1527 2168 1653 2208 quem

412 2247 479 2274 ore
505 2232 624 2273 uolat
648 2232 775 2286 pleno
800 2235 938 2271 mater
962 2230 1116 2270 ieiuna.
1187 2229 1260 2271 sed
1284 2230 1403 2270 omni

411 2308 696 2349 membrorum
720 2307 875 2347 damno
900 2306 1034 2346 maior
1058 2305 1285 2354 dementia,
1309 2319 1415 2359 quae
1439 2318 1515 2346 nec

410 2383 583 2424 nomina
608 2396 830 2423 seruorum
853 2395 928 2422 nec
953 2381 1125 2422 uultum
1150 2381 1340 2435 agnoscit
1363 2380 1493 2421 amici

277 2470 339 2502 235
409 2472 505 2499 cum
530 2471 611 2511 quo
634 2457 863 2511 praeterita
887 2456 1058 2497 cenauit
1083 2460 1218 2504 nocte,
1241 2469 1316 2496 nec
1341 2455 1437 2496 illos

413 2547 519 2588 quos
543 2533 705 2587 genuit,
729 2545 837 2585 quos
861 2531 1021 2572 eduxit.
1092 2544 1194 2571 nam
1217 2530 1358 2571 codice
1383 2543 1508 2571 saeuo

343 2650 405 2679 211
430 2645 632 2677 citharoedo
655 2645 691 2683 P,
712 2644 897 2676 cithareda
920 2643 990 2675 flor.
1015 2643 1124 2685 Sang„
1146 2644 1285 2675 cithedo
1309 2644 1342 2681 F,
1361 2643 1585 2675 citharoedus
1608 2641 1645 2674 Ψ
1733 2644 1812 2676 siue

276 2700 369 2737 PFG,
399 2699 474 2730 sine
503 2696 572 2728 fior.
600 2696 713 2737 Sang.‚
742 2697 836 2727 situe
860 2694 897 2726 Ψ
986 2696 1123 2727 seleuco
1150 2696 1176 2727 P
1202 2695 1273 2726 flor.
1305 2695 1418 2736 Sang.,
1450 2696 1569 2727 eleuco
1593 2695 1750 2727 coraules
1774 2696 1808 2731 Γ,

277 2752 434 2784 seleucos
451 2749 521 2787 GU,
543 2748 701 2779 seleucus
724 2748 817 2785 LOT,
838 2748 959 2778 leucus
974 2748 1005 2779 A
1093 2751 1156 2778 214
1179 2747 1346 2778 exaudiet
1362 2747 1491 2785 PAGU,
1512 2747 1683 2779 exaudiat.
1698 2748 1811 2779 FLOT

363 2806 426 2835 217
450 2802 488 2833 in
511 2810 574 2832 om.
599 2801 692 2832 AGU
795 2804 856 2831 220
880 2800 988 2839 oppia
1017 2800 1136 2838 PSAF,
1165 2800 1270 2839 eppia
1292 2797 1394 2838 EGU,
1421 2799 1530 2839 yppia
1559 2799 1643 2832 LOT
1746 2803 1809 2832 230

275 2855 449 2888 deducere
465 2853 519 2885 ΓΤ
