1947 3145
171 235 235 266 355

174 609 236 642 360

174 986 238 1017 365

195 2060 234 2091 10

195 2437 235 2468 15

768 111 1001 153 SATVRA
1037 112 1106 152 XI
1614 113 1635 152 1
1646 112 1669 153 Ο
1680 112 1702 150 1

305 231 405 268 exta
428 231 472 269 et
496 227 714 269 candiduli
740 228 887 270 diuina
912 230 1125 270 tomacula
1148 229 1264 283 porci

309 301 519 343 orandum
540 307 604 344 est
629 307 679 344 ut
705 304 762 345 sit
787 318 907 345 mens
932 318 1032 345 sana
1056 305 1103 345 in
1128 317 1300 358 corpore
1326 317 1435 345 sano.

308 376 462 418 fortem
488 391 610 432 posce
634 379 827 420 animum
851 380 1003 421 mortis
1028 384 1186 421 terrore
1209 383 1436 427 carentem,

308 452 384 505 qui
409 452 597 506 spatium
623 453 737 494 uitae
761 458 1001 495 extremum
1026 455 1137 496 inter
1161 467 1336 495 munera
1360 458 1491 508 ponat

307 531 497 576 naturae,
521 528 596 582 qui
620 528 728 569 ferre
753 534 881 583 queat
905 544 1192 584 quoscumque
1217 530 1391 578 dolores,

306 602 467 643 nesciat
491 603 628 652 irasci,
652 604 799 657 cupiat
824 604 947 654 nihil,
970 609 1013 646 et
1036 605 1221 659 potiores

309 676 511 718 Herculis
536 691 762 720 aerumnas
786 679 931 720 credat
955 693 1186 734 saeuosque
1210 679 1372 720 labores

309 756 352 793 et
376 766 530 794 uenere
554 758 598 795 et
622 755 737 795 cenis
760 758 803 795 et
827 754 976 808 pluma
1001 755 1309 809 Sardanapalli.

309 832 498 869 monstro
522 829 636 883 quod
660 829 750 883 ipse
775 830 855 871 tibi
878 830 1012 884 possis
1038 830 1163 882 dare3
1199 830 1352 871 semita
1375 835 1489 871 certe

308 903 567 958 tranquillae
591 918 666 958 per
689 905 894 946 uirtutem
920 910 1040 960 patet
1065 907 1192 946 unica
1217 907 1341 947 uitae.

309 978 480 1020 nullum
504 993 662 1020 numen
686 980 827 1030 habes,
852 981 888 1021 si
914 981 971 1022 sit
995 981 1246 1035 prudentia:
1283 995 1359 1022 nos
1385 985 1440 1029 te,

308 1067 385 1095 nos
409 1053 601 1104 facimus,
626 1055 829 1105 Fortuna,
854 1056 976 1097 deam
1000 1057 1197 1110 caeloque
1222 1056 1417 1097 locamus.

794 1266 1000 1301 SATVRA
1037 1267 1095 1301 XI

307 1372 483 1414 Atticus
506 1372 663 1413 eximie
687 1372 724 1413 si
748 1378 885 1422 cenat,
910 1373 1053 1414 lautus
1079 1374 1272 1423 habetur,

309 1447 346 1489 si
370 1447 559 1497 Rutilus,
583 1447 768 1489 demens.
838 1448 944 1502 quid
968 1449 1083 1489 enim
1107 1449 1266 1490 maiore
1290 1449 1498 1490 cachinno

307 1523 522 1577 excipitur
547 1523 668 1578 uulgi
693 1538 823 1579 quam
846 1538 1008 1578 pauper
1033 1524 1244 1578 Apicius?
1313 1524 1451 1565 omnis

305 1598 540 1648 conuictus,
564 1598 766 1648 thermae,
792 1600 1009 1648 stationes,
1032 1613 1155 1641 omne
1179 1600 1396 1641 theatrum

307 1673 358 1715 de
382 1674 543 1715 Rutilo.
615 1688 727 1724 nam,
751 1674 855 1715 dum
879 1674 1021 1715 ualida
1046 1689 1094 1716 ac
1117 1675 1336 1716 iuuenalia
1361 1675 1552 1715 membra

307 1749 526 1790 sufficiunt
549 1749 692 1804 galeae
716 1749 904 1803 dumque
928 1750 1078 1792 ardent
1103 1751 1324 1805 sanguine,
1349 1750 1485 1791 fertur

306 1838 392 1865 non
416 1829 593 1879 cogente
619 1825 791 1879 quidem
815 1825 888 1866 sed
912 1839 988 1867 nec
1010 1827 1267 1880 prohibente
1293 1825 1468 1867 tribuno

307 1900 544 1954 scripturus
568 1900 679 1955 leges
703 1905 746 1941 et
770 1901 885 1955 regia
910 1901 1039 1942 uerba
1063 1901 1255 1942 lanistae.

304 1975 464 2016 multos
489 1989 614 2029 porro
639 1975 770 2025 uides,
795 1990 899 2030 quos
923 1989 1047 2030 saepe
1070 1976 1212 2017 elusus
1236 1976 1290 2017 ad
1314 1977 1456 2030 ipsum

304 2050 486 2091 creditor
510 2050 741 2092 introitum
766 2051 873 2092 solet
897 2056 1120 2105 expectare
1144 2051 1323 2100 macelli,

305 2130 349 2166 et
374 2125 530 2180 quibus
554 2126 601 2165 in
627 2125 716 2167 solo
741 2125 919 2167 uiuendi
943 2140 1068 2167 causa
1091 2127 1234 2181 palato
1259 2131 1335 2169 est.

307 2200 500 2256 egregius
524 2205 648 2242 cenat
672 2201 910 2255 meliusque
936 2202 1202 2243 miserrimus
1225 2203 1376 2243 horum

306 2280 351 2317 et
374 2276 460 2317 cito
485 2290 657 2317 casurus
681 2277 767 2317 iam
791 2277 1040 2330 perlucente
1065 2278 1200 2318 ruina.

307 2352 470 2393 interea
493 2356 646 2406 gustus
671 2352 883 2393 elementa
907 2366 982 2406 per
1007 2354 1151 2394 omnia
1177 2358 1387 2407 quaerunt

304 2440 542 2481 numquam
566 2427 709 2468 animo
734 2428 886 2482 pretiis
910 2429 1182 2482 opstantibus
1196 2442 1205 2479 3
1241 2428 1425 2470 interius
1450 2428 1484 2469 si

305 2502 521 2551 adtendas,
545 2503 683 2557 magis
708 2502 783 2543 illa
807 2503 963 2544 iuuant
988 2517 1097 2557 quae
1120 2503 1258 2557 pluris
1281 2508 1486 2545 ementur.

235 2603 297 2631 359
321 2599 458 2631 dolores
481 2599 552 2637 GU,
580 2599 718 2630 labores
741 2597 831 2630 PS¹I¹
928 2603 989 2630 361
1013 2600 1151 2631 dolores
1174 2599 1293 2641 Regin.
1321 2599 1404 2633 1799
1501 2604 1563 2632 362
1587 2601 1709 2640 pluma

168 2651 271 2689 PGU,
293 2651 434 2690 plumas
453 2651 488 2689 P,
507 2651 639 2690 plumis
661 2651 758 2689 ALO,
784 2651 915 2690 pulmis
940 2651 968 2682 ¹1·
1055 2655 1118 2682 365
1142 2652 1251 2683 habes
1272 2650 1347 2691 ΡΨ,
1371 2653 1474 2684 abest
1497 2653 1558 2684 GU
1644 2659 1709 2683 nos

167 2704 206 2734 te
223 2702 315 2742 PSG,
331 2704 414 2742 post
429 2703 466 2734 te
483 2703 523 2741 U,
541 2703 603 2733 sed
617 2703 654 2734 te
670 2700 708 2733 Ψ
726 2701 774 2741 (in
790 2712 852 2733 ras.
873 2712 918 2734 m.
939 2704 958 2733 2
974 2702 1018 2742 A)
1093 2702 1133 2734 de
1150 2703 1328 2735 Lactantio
1344 2703 1422 2735 uide
1438 2703 1481 2735 ad
1496 2712 1563 2735 xxv
1580 2704 1643 2734 315
1656 2712 1705 2744 sq.

239 2784 257 2811 3
284 2789 404 2812 omnes
431 2780 462 2811 A
548 2784 569 2811 4
596 2780 752 2812 statione
779 2781 946 2812 sollemne
977 2780 1003 2812 P
1026 2779 1095 2812 flor.
1128 2780 1227 2823 Sang.
1321 2786 1340 2814 6
1371 2781 1499 2813 ardent
1527 2778 1706 2822 Rigaltius,

171 2832 315 2864 ardenti
339 2830 413 2869 ΡΨ,
439 2832 567 2863 ardens
593 2831 623 2862 U
647 2830 781 2872 aliique,
810 2832 971 2864 ardentis
995 2834 1034 2863 ut
1061 2831 1196 2865 uidetur
1221 2833 1275 2865 Lo
1364 2837 1405 2865 15
1429 2841 1506 2873 ops·
1533 2841 1573 2863 ex
1597 2832 1624 2863 P

220 2886 260 2914 16
273 2884 434 2915 ementur
447 2883 482 2922 P,
499 2884 666 2914 emuntur
683 2881 721 2914 Ψ
