1947 3145
648 766 825 807 LIBER
874 763 1147 815 QVARTVS

762 926 966 961 SATVRA
996 926 1031 960 X

266 1036 477 1078 Omnibus
502 1036 548 1076 in
573 1035 710 1083 terris,
735 1047 842 1088 quae
867 1038 969 1074 sunt
993 1047 1017 1073 a
1044 1032 1236 1073 Gadibus
1261 1043 1393 1084 usque

263 1113 478 1153 Auroram
503 1115 546 1151 et
572 1110 764 1164 Gangen,
787 1109 911 1163 pauci
937 1108 1151 1148 dinoscere
1175 1110 1355 1161 possunt

266 1200 367 1228 uera
391 1187 501 1227 bona
526 1189 655 1239 atque
680 1184 767 1225 illis
791 1184 981 1224 multum
1005 1184 1186 1231 diuersa,
1209 1186 1372 1222 remota

264 1261 416 1303 erroris
440 1260 606 1301 nebula.
678 1260 782 1314 quid
807 1260 922 1300 enim
946 1259 1110 1299 ratione
1136 1258 1338 1298 timemus

174 1349 195 1379 5
265 1341 343 1378 aut
367 1337 596 1390 cupimus?
665 1335 771 1389 quid
796 1340 887 1376 tam
911 1334 1059 1375 dextro
1084 1333 1189 1387 pede
1213 1331 1411 1386 concipis,
1436 1335 1486 1372 ut
1511 1334 1553 1371 te

267 1416 443 1454 conatus
468 1425 553 1451 non
576 1411 797 1465 paeniteat
822 1410 999 1463 uotique
1024 1408 1218 1463 peracti?

267 1491 458 1529 euertere
482 1486 628 1527 domos
654 1490 766 1527 totas
790 1485 1041 1539 optantibus
1065 1485 1170 1538 ipsis

267 1564 311 1604 di
335 1563 491 1604 faciles.
563 1562 759 1603 nocitura
784 1566 896 1616 toga,
920 1561 1115 1601 nocitura
1139 1565 1350 1614 petuntur

266 1638 451 1689 militia3
487 1642 651 1678 torrens
676 1637 844 1677 dicendi
867 1636 987 1690 copia
1011 1635 1162 1676 multis

155 1725 195 1755 10
265 1719 309 1755 et
333 1727 408 1755 sua
432 1714 649 1755 mortifera
674 1717 738 1753 est
762 1711 973 1760 facundia,
999 1711 1168 1752 uiribus
1192 1711 1264 1750 ille

266 1790 450 1831 confisus
474 1789 604 1843 periit
628 1788 974 1841 admirandisque
999 1787 1180 1835 lacertis,

269 1865 341 1906 sed
364 1864 508 1919 plures
532 1864 669 1904 nimia
693 1868 892 1918 congesta
914 1862 1094 1917 pecunia
1117 1876 1216 1903 cura

271 1939 514 1995 strangulat
538 1944 581 1980 et
606 1944 759 1980 cuncta
783 1952 1018 1992 exuperans
1041 1937 1305 1991 patrimonia
1327 1950 1479 1978 census

271 2020 437 2070 quanto
460 2015 676 2069 delphinis
700 2014 896 2055 ballaena
920 2014 1175 2054 Britannica
1199 2013 1345 2053 maior.

161 2103 201 2134 15
271 2092 535 2146 temporibus
560 2091 664 2131 diris
688 2091 822 2146 igitur
849 2091 1051 2144 iussuque
1076 2090 1259 2131 Neronis

270 2167 515 2223 Longinum
538 2171 582 2208 et
605 2180 781 2221 magnos
808 2167 987 2207 Senecae
1011 2165 1264 2220 praediuitis
1287 2164 1430 2205 hortos

270 2243 425 2283 clausit
448 2246 492 2283 et
516 2242 706 2298 egregias
731 2242 1038 2282 Lateranorum
1063 2239 1229 2281 obsidet
1253 2240 1374 2280 aedes

272 2323 364 2359 tota
389 2318 559 2359 cohors:
593 2331 714 2358 rarus
738 2317 859 2358 uenit
883 2317 929 2357 in
955 2316 1153 2358 cenacula
1177 2316 1311 2357 miles.

270 2407 404 2448 pauca
428 2393 529 2434 licet
553 2398 695 2447 portes
719 2393 889 2447 argenti
913 2392 1086 2433 uascula
1109 2391 1207 2446 puri

155 2480 200 2511 20
269 2473 391 2510 nocte
414 2468 498 2509 iter
521 2468 748 2522 ingressus,
773 2467 966 2522 gladium
991 2471 1249 2521 contumque
1275 2466 1449 2508 timebis

269 2549 313 2585 et
336 2549 453 2584 mota
477 2543 530 2583 ad
552 2543 702 2584 lunam
727 2543 958 2596 trepidabis
981 2542 1236 2583 harundinis
1259 2543 1433 2583 umbra:

269 2619 462 2661 cantabit
487 2632 646 2659 uacuus
670 2632 808 2659 coram
832 2619 998 2659 latrone
1022 2618 1173 2659 uiator.

198 2721 216 2749 1
240 2715 330 2748 redit
353 2716 378 2748 F
466 2719 485 2747 2
509 2715 689 2747 dinoscere
712 2715 860 2746 PAFGU
884 2714 975 2745 Seru.
996 2724 1104 2756 georg.
1127 2723 1157 2746 11
1181 2717 1254 2754 461,
1275 2715 1474 2747 discernere
1497 2713 1583 2745 LO'I'

177 2771 197 2800 5
228 2768 382 2808 concipis
411 2767 535 2805 PAFG,
564 2767 730 2806 concupis
760 2767 876 2798 LOTU
965 2770 983 2798 9
1011 2767 1142 2798 militia.
1168 2767 1236 2805 PA,
1270 2767 1403 2798 militia
1428 2768 1465 2798 eb
1486 2764 1523 2796 Ψ
1540 2762 1590 2804 (id
1617 2765 1670 2795 est

130 2820 293 2858 militiae,
309 2818 388 2850 uide
405 2818 470 2858 35),
487 2819 638 2850 militiae
655 2819 691 2850 et
707 2819 732 2849 F
821 2821 860 2849 21
877 2819 975 2849 mota
991 2818 1053 2856 PS,
1068 2819 1186 2850 motae
1199 2816 1248 2856 Ψ,
1265 2819 1369 2850 nocte
1386 2819 1412 2850 Ο
1501 2815 1670 2848 umbra-A

132 2870 202 2902 fior.
223 2870 444 2912 Frisingense,
464 2871 626 2902 umbram
642 2870 742 2908 PGU,
760 2870 904 2902 umbras
920 2869 956 2902 Ψ

878 2928 918 2959 89
