1947 3145
226 118 286 164 74
826 115 1152 158 IVVENALIS

358 240 471 295 quod
494 240 647 280 fremat
671 239 717 278 in
740 237 863 278 terris
888 235 1127 275 uiolentius.
1197 247 1292 288 ergo
1316 233 1481 274 cauebis

358 320 401 356 et
424 319 590 356 metues
613 327 666 354 ne
691 317 741 353 tu
764 312 819 351 sic
845 309 1039 350 Creticus
1063 313 1139 350 aut
1165 308 1424 349 Camerinus.

427 390 495 430 his
519 402 594 443 ego
618 400 744 441 quem
768 385 947 426 monui?
1015 389 1155 425 tecum
1180 388 1244 424 est
1268 384 1377 424 mihi
1402 396 1547 431 sermo,
1566 381 1738 423 Rubelli

247 477 288 508 40
358 464 530 506 Blande.
602 467 742 503 tumes
766 460 853 500 alto
878 460 1117 500 Drusorum
1142 462 1376 507 stemmate,
1402 462 1621 511 tamquam

360 539 506 580 feceris
530 537 619 591 ipse
643 534 807 589 aliquid
832 538 1004 588 propter
1027 533 1141 587 quod
1165 533 1321 574 nobilis
1345 546 1463 580 esseS,

361 619 410 655 ut
434 618 476 655 te
500 611 737 664 conciperet
762 623 870 663 quae
894 609 1100 663 sanguine
1125 609 1263 663 fulget
1289 608 1390 656 Iuli,

360 703 444 730 non
469 699 577 741 quae
602 690 780 726 uentoso
804 684 1012 725 conducta
1037 684 1114 724 sub
1138 697 1287 738 aggere
1312 683 1433 724 texit.

361 768 370 784 ‘
386 776 461 804 uos
485 761 672 802 humiles
687 760 696 775 '
721 759 866 813 inquis
890 764 899 778 ‘
915 759 1031 813 uolgi
1055 772 1149 812 pars
1174 759 1329 799 ultima
1353 756 1501 805 nostri,

248 850 288 881 45
360 850 542 893 quorum
566 849 690 876 nemo
715 839 840 889 queat
864 834 1051 888 patriam
1075 837 1308 873 monstrare
1334 832 1534 886 parentis,

360 917 427 954 ast
450 925 526 966 ego
552 909 827 964 Cecropides.'
897 909 1023 949 uiuas
1047 915 1089 949 et
1114 908 1290 963 originis
1315 908 1446 948 huius

359 987 514 1043 gaudia
538 986 665 1040 longa
689 985 805 1026 feras.
877 989 1020 1025 tamen
1046 983 1134 1023 ima
1157 983 1279 1036 plebe
1305 982 1519 1031 Quiritem

359 1062 594 1104 facundum
618 1061 826 1110 inuenies,
851 1060 958 1101 solet
984 1060 1054 1100 hic
1079 1059 1298 1100 defendere
1322 1072 1470 1099 causas

361 1137 516 1180 nobilis
540 1136 728 1187 indocti;
763 1135 907 1176 ueniet
927 1135 976 1175 de
1000 1134 1123 1188 plebe
1148 1138 1294 1188 togata

248 1226 289 1257 50
360 1213 438 1268 qui
462 1212 571 1253 iuris
594 1211 725 1252 nodos
749 1215 793 1252 et
817 1210 963 1264 legum
987 1210 1230 1263 aenigmata
1255 1209 1419 1259 soluat;

360 1289 462 1330 hinc
485 1287 598 1342 petit
622 1286 872 1340 Euphraten
897 1285 1067 1325 iuuenis
1091 1284 1328 1338 domitique
1352 1283 1511 1324 Bataui

361 1363 556 1406 custodes
580 1361 746 1416 aquilas
770 1361 902 1401 armis
926 1360 1191 1400 industrius:
1226 1364 1271 1400 at
1297 1364 1347 1401 tu

361 1439 427 1480 nil
450 1438 536 1479 nisi
561 1436 811 1491 Cecropides
836 1441 1072 1489 truncoque
1097 1435 1346 1476 simillimus
1370 1435 1564 1475 Hermae.

362 1513 481 1555 nullo
505 1513 664 1567 quippe
689 1512 772 1552 alio
797 1511 934 1551 uineis
958 1510 1203 1551 discrimine
1228 1524 1356 1564 quam
1381 1509 1495 1564 quod

249 1601 290 1634 55
360 1590 427 1631 illi
452 1601 735 1629 marmoreum
759 1592 889 1641 caput
914 1591 989 1635 est,
1015 1591 1090 1627 tua
1114 1586 1230 1626 uiuit
1254 1586 1403 1640 imago.

363 1665 430 1706 dic
454 1664 576 1713 mihi,
602 1664 861 1704 Teucrorum
885 1661 1033 1716 proles,
1057 1661 1260 1701 animalia
1283 1665 1405 1702 muta

364 1740 461 1795 quis
485 1752 684 1794 generosa
708 1742 832 1792 putet
856 1737 942 1777 nisi
966 1736 1104 1777 fortia.
1175 1749 1326 1789 nempe
1351 1735 1567 1776 uolucrem

364 1815 424 1856 sic
448 1813 675 1855 laudamus
699 1826 870 1866 equum,
895 1811 1012 1852 facili
1036 1811 1105 1851 cui
1127 1811 1316 1864 plurima
1339 1810 1482 1864 palma

296 1907 336 1936 37
359 1903 491 1934 fremat
513 1901 668 1937 PFGOU,
685 1900 807 1931 fremit
822 1900 909 1931 AL'I'
996 1903 1037 1931 38
1054 1899 1104 1931 sic
1124 1898 1168 1930 H.
1191 1898 1320 1937 Iunius,
1342 1899 1373 1930 si
1393 1899 1419 1930 P
1442 1900 1482 1929 ut
1501 1896 1645 1935 uidetur,
1663 1897 1713 1929 sis
1728 1895 1768 1929 Ψ

317 1959 359 1987 40
376 1955 564 1986 stemmate
580 1953 705 1991 PFOU,
726 1953 878 1984 stemate
895 1952 932 1986 G.
950 1952 1122 1991 sanguine
1138 1951 1222 1982 LOT
1310 1955 1350 1982 49
1367 1951 1488 1982 ueniet
1503 1950 1652 1986 PFGO'I',
1667 1950 1769 1981 uem't

230 2008 268 2039 et
290 2007 349 2038 AL
371 2008 405 2037 et
428 2006 541 2045 (uenit
564 2014 664 2046 supra
685 2006 722 2035 et
745 2003 883 2045 scripto)
908 2004 939 2035 U
1027 2003 1127 2042 plebe
1149 2003 1296 2034 PAGLU
1315 2002 1453 2033 fortasse
1478 2012 1517 2033 ex
1538 2011 1571 2033 u.
1592 2001 1642 2040 47,
1663 2003 1769 2041 gente

232 2058 339 2096 roT;
369 2056 584 2088 scribendum
615 2055 764 2097 suspicor
787 2056 888 2095 pube,
914 2053 1004 2096 quod
1027 2054 1063 2085 in
1087 2054 1178 2094 plebe
1205 2056 1375 2085 mutatum
1400 2056 1450 2085 est
1474 2063 1505 2086 u.
1533 2054 1596 2085 256
1620 2056 1654 2085 et
1678 2053 1764 2085 Stat.

231 2108 336 2141 Theb.
357 2117 371 2140 1
389 2109 461 2140 619.
510 2110 599 2139 reete
620 2117 679 2149 per
694 2116 729 2138 se
746 2106 837 2146 plebs
853 2109 961 2145 coyata
985 2115 1044 2146 pro
1067 2104 1255 2136 humilibus
1279 2104 1409 2136 ciuibus
1433 2103 1568 2143 dicitur,
1595 2103 1653 2135 sed
1677 2114 1768 2146 prae-

232 2160 334 2192 cessit
348 2160 420 2191 ima
431 2159 521 2200 plebe
536 2169 568 2190 u.
586 2159 639 2197 47,
657 2161 698 2190 ut
718 2157 849 2199 pondus
866 2157 1027 2189 orationis
1043 2156 1226 2188 necessario
1242 2157 1278 2188 in
1300 2156 1432 2188 diuersa
1449 2156 1625 2194 adiectiua,
1645 2166 1714 2187 non
1733 2155 1769 2187 in

233 2211 394 2243 iteratum
410 2209 517 2252 plebis
533 2220 666 2249 nomen,
688 2209 863 2241 incumbat
880 2212 913 2240 et
930 2208 1024 2250 plebs
1040 2211 1157 2250 togata
1174 2208 1260 2239 imae
1276 2208 1367 2249 plebi
1383 2208 1463 2246 siue,
1485 2211 1524 2239 ut
1539 2208 1589 2239 ait
1605 2207 1768 2238 Horatius

233 2262 331 2304 epist.
352 2270 366 2293 1
383 2262 401 2295 7
420 2263 470 2300 65,
493 2261 646 2293 tunicato
666 2260 798 2303 popello
820 2260 987 2292 contraria
1008 2263 1161 2302 ponatur.
1211 2259 1302 2302 quod
1325 2270 1401 2291 cum
1425 2259 1573 2290 alienum
1596 2270 1633 2291 ac
1656 2259 1770 2300 potius

234 2324 428 2356 peruersum
444 2324 512 2345 esse
528 2316 698 2355 appareat,
718 2316 758 2344 ut
775 2323 815 2344 ex
831 2313 898 2344 ima
915 2312 1010 2354 plebe
1026 2311 1195 2349 causidici,
1213 2322 1253 2343 ex
1270 2314 1386 2353 togata
1405 2315 1518 2342 autem
1539 2309 1769 2342 iurisconsulti

234 2365 327 2397 nasci
350 2364 515 2403 dicantur,
544 2364 649 2396 altera
673 2364 772 2396 lectio
800 2363 992 2396 adhibenda
1019 2366 1070 2396 est
1084 2375 1092 2403 ;
1130 2364 1166 2395 in
1198 2374 1264 2405 qua
1295 2362 1384 2405 quod
1416 2363 1557 2394 forsitan
1588 2361 1769 2393 desiderari

235 2415 392 2448 uideatur
408 2415 555 2447 hominis
571 2416 667 2447 tenui
682 2415 754 2447 loco
771 2416 837 2448 orti
853 2416 1064 2458 significatio,
1085 2426 1144 2457 ego
1164 2418 1298 2457 poetam
1316 2415 1419 2446 uerba
1437 2418 1488 2446 ast
1509 2424 1562 2454 eqo
1585 2413 1770 2454 Cecrwides

236 2478 295 2510 per
310 2468 420 2499 iocum
436 2468 482 2499 sic
498 2468 644 2509 accipere
660 2468 816 2499 existimo
833 2470 1007 2509 tamquam
1023 2478 1056 2499 se
1075 2477 1189 2509 reapse
1210 2478 1229 2498 a
1250 2467 1392 2508 Cecrope
1413 2477 1487 2508 rege
1508 2464 1769 2497 Atheniensium

237 2521 440 2562 prognatum
456 2518 624 2561 praedicet
645 2518 830 2558 Rubellius,
851 2522 890 2550 ut
913 2519 1083 2550 Romanus
1104 2529 1172 2550 non
1197 2519 1264 2556 sit3
1293 2522 1393 2560 atque
1416 2518 1478 2550 hoc
1502 2527 1570 2549 esse
1594 2526 1652 2547 cur
1675 2525 1707 2547 u.
1729 2516 1768 2548 47

240 2571 408 2610 Quiritem
427 2572 461 2601 et
484 2571 524 2601 49
549 2574 657 2610 toqata
679 2569 879 2608 adiciantur,
906 2580 1000 2612 quae,
1028 2570 1056 2601 si
1080 2573 1215 2601 tantum
1240 2569 1281 2601 (le
1305 2569 1520 2611 ignobilitate
1544 2577 1649 2600 sermo
1674 2570 1768 2603 esset,

237 2623 320 2654 mire
336 2621 548 2653 abundarent
636 2626 676 2653 51
696 2623 777 2654 hinc
794 2624 855 2654 GU
871 2622 959 2654 sicut
975 2622 1161 2653 coniecerat
1173 2621 1381 2660 WVeidnerus,
1398 2622 1455 2653 hic
1471 2619 1545 2659 ΡΨ,
1566 2618 1656 2661 quod
1672 2629 1770 2650 nemo

238 2685 307 2706 non
319 2673 363 2705 ad
378 2673 655 2705 iurisconsultum
672 2673 770 2705 modo
788 2677 1084 2706 commemoratum
1101 2674 1267 2706 relaturus
1283 2676 1364 2713 erat,
1384 2673 1471 2704 sieut
1487 2683 1518 2704 u.
1537 2673 1576 2703 48
1594 2670 1683 2702 idem
1698 2681 1770 2713 pro-

238 2736 361 2758 nomen
374 2735 450 2757 eum
460 2725 628 2766 significat
641 2725 735 2756 cuius
749 2726 898 2767 proxime
912 2726 1091 2767 praecessit
1102 2727 1238 2758 mentio.
1285 2726 1370 2763 hinc,
1384 2724 1535 2756 indidem
1545 2722 1634 2754 unde
1647 2723 1772 2764 priores

238 2777 305 2809 duo
394 2781 435 2809 5⁷
457 2778 562 2817 putet
585 2777 706 2815 PAFL,
734 2779 841 2816 putat
866 2778 985 2809 GOTU
1074 2782 1114 2809 58
1123 2778 1229 2817 sacili
1245 2777 1366 2817 palma
1382 2775 1552 2808 ablatiuus
1569 2778 1628 2814 est,
1646 2774 1771 2806 Catull.

239 2831 280 2861 62
298 2831 336 2860 11
354 2839 421 2861 non
427 2829 549 2869 facilis
564 2829 663 2867 nobis,
685 2829 846 2868 aequales,
862 2829 983 2869 palma
995 2832 1120 2869 parata
1136 2833 1180 2860 cst
1196 2841 1203 2868 ;
1226 2829 1315 2861 inter
1336 2838 1369 2860 se
1388 2829 1606 2870 opponuntur
1615 2827 1773 2867 plurima

240 2883 275 2913 et
290 2891 324 2913 u.
344 2882 384 2913 63
401 2890 483 2912 rara
499 2892 507 2920 3
531 2879 571 2911 de
588 2879 704 2912 ordine
720 2879 897 2912 uerborum
915 2879 987 2912 dixi
1003 2879 1047 2912 ad
1062 2889 1101 2912 vi
1119 2881 1181 2911 495
