1947 3145
211 119 234 160 6
244 119 268 159 8
808 115 1138 157 IVVENALIS

339 238 558 289 empturus
581 246 744 288 puerOS,
767 236 1005 287 argentum,
1028 231 1233 280 murrina,
1256 231 1410 282 uillas;

339 310 520 363 spondet
544 309 660 350 enim
685 308 812 362 Tyrio
836 307 1054 348 stlattaria
1078 320 1266 360 purpura
1290 306 1370 347 filo.

208 395 269 427 135
339 390 381 426 et
405 389 550 426 tamen
575 389 639 425 est
663 383 749 423 illis
775 384 853 423 hoc
877 382 993 423 utile.
1063 396 1253 436 purpura
1275 382 1425 423 uendit

341 459 615 506 causidicum,
640 457 834 498 uendunt
857 457 1174 511 amethystina3
1209 457 1411 498 conuenit
1435 456 1503 497 illi

341 539 384 576 et
407 535 590 588 strepitu
613 538 656 574 et
680 533 785 573 facie
810 532 981 573 maioris
1005 532 1152 573 uiuere
1176 546 1336 581 census,

341 609 413 650 sed
439 609 567 649 finem
592 608 793 660 inpensae
817 620 903 647 non
929 612 1072 648 seruat
1095 607 1272 661 prodiga
1297 607 1442 648 Roma.

344 685 513 724 fidimus
537 683 736 736 eloquio?
805 682 995 723 Ciceroni
1019 695 1143 723 nemo
1168 683 1369 724 ducentos

209 771 269 802 140
339 772 453 799 nunc
478 758 639 799 dederit
664 771 873 806 nummos,
898 757 981 797 nisi
1006 757 1177 798 fulserit
1201 757 1354 798 anulus
1378 757 1539 812 ingens.

340 834 511 887 respicit
535 834 638 874 haec
662 832 850 886 primum
875 832 950 886 qui
974 832 1133 886 litigat,
1157 846 1212 872 an
1238 833 1319 873 tibi
1343 833 1458 873 serui

341 914 444 958 octo,
468 908 610 949 decem
634 907 821 956 comites,
844 921 899 947 an
924 912 1019 961 post
1044 912 1087 947 te
1112 907 1226 956 sella,
1250 907 1387 961 togati

341 988 440 1024 ante
465 983 598 1037 pedes.
670 982 764 1023 ideo
788 982 997 1022 conducta
1024 981 1187 1022 Paulus
1211 982 1363 1036 agebat

340 1058 612 1112 sardonyche,
636 1062 764 1111 atque
788 1057 882 1097 ideo
905 1056 1037 1110 pluris
1062 1070 1190 1110 quam
1211 1056 1360 1097 Gallus
1383 1056 1550 1111 agebat,

207 1147 268 1177 145
339 1148 468 1188 quam
485 1133 662 1174 Basilus.
734 1146 828 1173 rara
846 1133 892 1172 in
912 1132 1032 1173 tenui
1056 1132 1255 1172 facundia
1279 1146 1429 1186 panno.

339 1209 507 1264 quando
531 1208 631 1249 licet
655 1207 798 1249 Basilo
823 1208 996 1248 flentem
1020 1207 1250 1261 producere
1269 1209 1482 1248 matrem?

339 1285 435 1339 quis
459 1285 564 1325 bene
589 1284 802 1324 dicentem
826 1283 1019 1324 Basilum
1045 1283 1184 1323 ferat?
1253 1283 1435 1337 accipiat
1460 1288 1501 1324 te

340 1360 482 1402 Gallia
506 1359 575 1399 uel
598 1359 741 1413 potius
766 1358 981 1399 nutricula
1005 1357 1319 1398 causidicorum

337 1435 497 1484 Africa,
522 1435 557 1475 si
575 1435 741 1488 placuit
766 1434 999 1474 mercedem
1023 1446 1178 1487 ponere
1203 1433 1384 1488 linguae.

205 1522 268 1554 150
404 1511 641 1551 declamare
666 1509 818 1551 doces?
886 1522 910 1549 o
935 1509 1069 1549 ferrea
1093 1513 1264 1562 pectora
1288 1508 1425 1556 Vetti,

339 1599 437 1627 cum
461 1585 637 1639 perimit
661 1598 806 1625 saeuos
824 1584 968 1624 classis
992 1597 1217 1624 numerosa
1247 1589 1462 1637 tyrannos.

338 1676 452 1711 nam,
476 1673 764 1715 quaecumque
789 1659 937 1700 sedens
961 1659 1084 1699 modo
1109 1659 1280 1714 legerat,
1305 1660 1408 1699 haec
1432 1658 1577 1700 eadem
1602 1663 1724 1700 stans

340 1737 524 1792 perferet
547 1741 675 1790 atque
695 1735 839 1776 eadem
864 1735 1058 1775 cantabit
1082 1735 1272 1775 versibus
1296 1734 1442 1776 isdem.

339 1812 494 1854 occidit
517 1811 691 1851 miseros
715 1811 878 1851 crambe
902 1810 1085 1864 repetita
1104 1810 1344 1864 magistros.

206 1898 266 1930 155
338 1888 433 1942 quis
457 1886 570 1928 color
593 1890 635 1926 et
660 1885 772 1939 quod
797 1885 854 1926 sit
878 1898 1026 1926 causae
1052 1898 1185 1940 genus
1208 1889 1337 1939 atque
1360 1885 1435 1925 ubi
1460 1898 1625 1925 summa

339 1962 542 2017 quaestio,
567 1975 674 2015 quae
698 1961 877 2001 ueniant
901 1960 1069 2000 diuersa
1093 1964 1214 2014 parte
1239 1960 1433 2014 sagittae,

340 2051 459 2078 nosse
484 2037 637 2077 uolunt
662 2049 818 2084 omnes,
842 2035 1078 2075 mercedem
1103 2034 1262 2075 soluere
1286 2048 1421 2075 nemo.

341 2112 601 2154 ‘mercedem
625 2111 845 2165 appellas?
913 2111 1017 2165 quid
1041 2111 1156 2151 enim
1181 2110 1322 2151 so102’
1391 2110 1515 2164 culpa
1539 2110 1729 2152 docentis

343 2188 504 2229 scilicet
529 2188 732 2241 arguitur,
757 2185 869 2240 quod
893 2186 1037 2226 laeuae
1061 2191 1182 2239 parte
1206 2185 1423 2226 mamillae

275 2317 337 2345 136
358 2313 411 2344 illi
433 2313 459 2344 P
482 2312 551 2343 fior.
578 2312 687 2353 Sang.‚
705 2312 777 2343 iuis
793 2309 831 2342 Ψ
920 2315 981 2342 138
1003 2318 1216 2342 conseruans
1238 2310 1353 2349 Arou.‚
1374 2309 1514 2341 fortasse
1535 2320 1602 2342 mm
1627 2320 1744 2342 seruas

297 2368 358 2397 139
382 2365 522 2396 fidimus
545 2365 683 2404 eloquio
706 2364 764 2395 PG
787 2363 888 2394 Prisc.
913 2362 1042 2394 G.L.K.
1068 2371 1112 2393 111
1136 2372 1166 2403 p.
1193 2363 1264 2400 329,
1293 2364 1335 2394 ut
1357 2363 1505 2394 redeant
1527 2364 1667 2394 ueteres
1690 2360 1738 2401 Ψ,

209 2415 288 2449 uide
312 2416 412 2447 Mart.
440 2424 480 2447 x1
505 2418 523 2447 5
548 2418 565 2447 5
655 2420 717 2447 142
740 2417 822 2455 post
844 2417 881 2446 te
906 2415 999 2452 PGL,
1025 2416 1141 2454 posite
1165 2415 1199 2453 F,
1223 2415 1342 2454 posita
1365 2412 1403 2445 Ψ
1490 2418 1553 2446 144
1575 2414 1612 2445 in
1635 2424 1739 2455 marg.

209 2467 287 2500 add.
315 2469 345 2500 U
432 2468 548 2507 gallus
579 2468 703 2506 PFGU,
731 2475 851 2498 cossus
878 2467 994 2498 ALOT
1082 2470 1143 2497 146
1171 2467 1362 2505 producere
1386 2466 1544 2505 PAG'I'U,
1572 2466 1744 2497 deducere

211 2520 293 2553 rLo
382 2523 443 2550 149
467 2524 594 2558 ponere
618 2519 644 2550 Ρ
667 2519 782 2556 Aron„
809 2519 975 2558 inponere
999 2515 1047 2555 Ψ,
1070 2527 1194 2557 poscere
1219 2516 1439 2548 Buechelems
1463 2517 1601 2548 fortasse
1623 2526 1699 2547 uere

299 2574 361 2603 151
382 2572 437 2601 cui
462 2570 600 2601 Iahnius
624 2569 842 2611 probabiliter
931 2574 992 2601 154
1009 2570 1148 2601 crambe
1172 2570 1201 2601 G
1223 2569 1311 2601 sicut
1335 2569 1518 2601 coniecerat
1541 2568 1740 2607 Pontianus,

211 2624 356 2664 grambe
372 2623 405 2659 F,
420 2622 559 2653 <zambre
576 2619 622 2658 Ψ,
641 2623 798 2652 crambre
817 2622 843 2653 P
860 2621 961 2652 Arou.
1012 2625 1072 2652 156
1095 2622 1238 2652 diuersa
1254 2619 1300 2659 Ψ,
1317 2621 1460 2652 diuersa
1475 2629 1493 2652 e
1510 2619 1605 2651 Laur.
1622 2628 1744 2651 XXXIV

211 2677 254 2707 42
276 2674 400 2715 aliique
424 2675 457 2704 et
479 2673 514 2711 (a
538 2681 556 2703 e
579 2672 615 2702 in
638 2673 714 2711 raS.)
734 2674 771 2711 Τ,
796 2673 957 2704 diuersae
981 2673 1032 2704 PF
1056 2671 1180 2714 aliique
1268 2674 1371 2712 parte
1395 2670 1443 2709 Ψ,
1469 2669 1548 2702 uide
1570 2679 1642 2702 XIII
1668 2672 1740 2710 136,

211 2727 306 2759 forte
329 2726 355 2758 P
377 2725 490 2761 Arou„
514 2722 604 2764 quod
627 2722 824 2754 aduerbium
847 2723 945 2764 pauci
968 2727 1043 2764 post
1069 2723 1263 2754 Lucretium
1286 2733 1362 2754 cum
1385 2721 1581 2763 pronomine
1604 2722 1744 2753 interro-

211 2777 329 2819 gatiuo
345 2775 602 2813 coniunxerunt,
623 2784 691 2804 non
710 2774 876 2805 Martialis
892 2784 952 2805 nec
970 2774 1100 2805 Persius
1116 2784 1177 2805 nec
1194 2778 1324 2815 praeter
1339 2774 1429 2805 hunc
1445 2773 1555 2805 locum
1574 2773 1746 2805 quenalis

303 2832 364 2861 157
379 2828 506 2859 uolunt
522 2824 568 2864 Ψ,
585 2827 709 2857 uelunt
725 2826 751 2857 P
768 2826 883 2864 Aron„
896 2827 1010 2857 uelint
1028 2825 1129 2856 Paris.
1148 2826 1230 2858 7906
1247 2829 1282 2856 et
1300 2825 1459 2856 Pithoeus
1546 2829 1608 2858 159
1624 2827 1702 2858 leue
1719 2827 1746 2858 P

214 2882 331 2920 Arou„
351 2880 433 2912 leua.
447 2878 567 2910 APGU
584 2876 680 2918 Fulg.
701 2876 810 2917 myth.
832 2879 850 2907 2
869 2878 896 2915 6,
917 2877 998 2908 lena
1013 2877 1051 2907 in
1066 2878 1150 2909 LO'I'
1166 2876 1268 2908 schol.
1290 2876 1376 2908 Pers.
1399 2885 1427 2907 11
1445 2878 1484 2908 53
