1947 3145
784 105 1017 146 SATVRA
1053 105 1093 144 V
1641 102 1664 142 3
1674 102 1697 142 3

299 228 582 265 contemnunt
606 224 790 264 mediam
817 223 1040 264 temeraria
1064 222 1153 262 lina
1178 220 1464 274 Charybdim:

302 313 377 340 uos
401 299 593 354 anguilla
616 303 763 339 manet
788 299 939 353 longae
963 302 1144 352 cognata
1167 295 1377 343 colubrae,

301 379 377 415 aut
400 374 533 429 glacie
557 387 748 427 aspersus
774 373 952 414 maculis
978 373 1201 413 Tiberinus
1225 375 1268 411 et
1292 371 1382 424 ipse

167 459 229 490 105
300 448 479 489 uernula
502 449 703 502 riparum,
726 449 898 503 pinguis
923 452 1112 488 torrente
1135 446 1273 487 cloaca

301 528 345 565 et
369 523 523 564 solitus
547 523 709 564 mediae
732 528 930 577 cryptam
954 527 1176 577 penetrare
1202 521 1403 562 Suburae.

368 599 451 653 ipsi
474 612 612 653 pauca
636 598 779 648 uelim,
805 598 974 639 facilem
999 598 1034 638 si
1060 597 1262 651 praebeat
1286 609 1442 636 aurem.

301 687 424 715 nemo
447 674 570 728 petit,
595 674 772 714 modicis
796 687 905 727 quae
930 673 1220 714 mittebantur
1245 671 1393 712 amicis

299 763 324 790 a
348 749 517 798 Seneca,
542 763 647 803 quae
672 749 769 790 Piso
794 749 941 797 bonus,
966 761 1073 802 quae
1097 747 1225 788 Cotta
1249 746 1410 787 solebat

166 835 229 867 110
298 824 473 879 largiri3
507 839 691 878 namque
718 829 761 865 et
786 824 928 865 titulis
953 829 996 865 et
1019 823 1202 864 fascibus
1226 823 1330 863 olim

301 901 436 941 maior
461 901 699 941 habebatur
724 900 911 940 donandi
936 899 1082 954 gloria.
1153 898 1292 939 solum

301 976 514 1029 poscimus
538 980 587 1016 ut
611 989 733 1016 cenes
758 975 954 1016 ciuiliter.
1024 975 1103 1014 hoc
1128 974 1216 1014 face
1240 977 1282 1013 et
1308 976 1410 1020 esto,

301 1054 404 1100 esto,
428 1055 477 1091 ut
502 1065 617 1091 nunc
640 1051 782 1099 multi,
807 1051 925 1091 diues
950 1050 1042 1098 tibi,
1066 1062 1226 1103 pauper
1249 1047 1408 1088 amicis.

367 1127 526 1167 anseris
550 1131 651 1167 ante
675 1127 817 1180 ipsum
841 1125 987 1179 magni
1012 1126 1138 1173 iecur,
1161 1123 1382 1164 anseribus
1407 1136 1483 1176 par

166 1211 230 1243 115
300 1201 450 1250 altilis,
473 1205 515 1241 et
540 1201 641 1241 flaui
665 1201 822 1255 dignus
847 1201 958 1241 ferro
984 1199 1192 1254 Meleagri

300 1280 472 1330 spumat
496 1289 606 1330 aper.
676 1281 773 1330 post
798 1277 913 1316 hunc
939 1275 1166 1316 tradentur
1190 1274 1353 1322 tubera,
1378 1273 1413 1314 si
1438 1286 1513 1313 uer

301 1355 407 1392 1311110
430 1351 512 1392 erit
536 1355 580 1392 et
603 1351 763 1392 facient
787 1355 936 1405 optata
961 1351 1156 1391 tonitrua
1175 1363 1298 1390 cenas

300 1427 490 1467 maiores.
560 1427 668 1467 ‘tibi
691 1427 798 1467 habe
823 1426 1115 1474 frumentun1‚'
1140 1425 1336 1466 Alledius
1360 1424 1516 1478 inquit,

297 1506 306 1522 ‘
327 1516 350 1542 o
374 1502 520 1557 Libye,
544 1502 741 1557 disiunge
764 1502 905 1551 boues,
929 1502 1030 1543 dum
1054 1501 1205 1542 tubera
1228 1499 1399 1540 mittas.’

166 1588 227 1620 120
298 1581 554 1618 structorem
578 1578 752 1626 interea,
776 1591 829 1618 ne
854 1591 938 1631 qua
962 1577 1208 1631 indignatio
1227 1575 1351 1623 desit,

299 1652 531 1694 saltantem
555 1656 717 1706 spectes
742 1657 785 1693 et
809 1653 1142 1693 chironomunta
1166 1650 1333 1691 uolanti

298 1727 483 1777 cultello,
507 1727 638 1768 donec
662 1732 838 1782 peragat
863 1727 1024 1768 dictata
1047 1726 1244 1780 magistri

298 1803 468 1854 omnia3
503 1817 581 1844 nec
605 1804 786 1844 minimo
811 1817 911 1844 sane
935 1802 1182 1843 discrimine
1206 1801 1337 1841 refert

298 1892 382 1932 quo
407 1884 530 1934 gestu
555 1879 718 1932 lepores
741 1883 786 1919 et
810 1892 893 1932 quo
917 1877 1078 1933 gallina
1103 1880 1276 1917 secetur.

166 1965 226 1996 125
298 1954 460 1995 duceris
483 1955 633 2008 planta
658 1954 779 1995 uelut
803 1954 915 1995 ictus
939 1954 992 1993 ab
1018 1952 1202 1993 Hercule
1227 1950 1360 1991 Cacus

299 2034 343 2070 et
366 2043 518 2083 ponere
542 2030 657 2079 foris,
682 2030 718 2071 si
742 2029 845 2083 quid
870 2027 1152 2082 temptaueris
1175 2039 1381 2080 umquam

300 2104 463 2145 hiscere
486 2109 709 2159 tamquam
734 2105 889 2146 habeas
914 2105 999 2145 tria
1022 2103 1211 2144 nomina.
1281 2099 1451 2155 quando
1475 2099 1678 2154 propinat

299 2179 428 2221 Virro
453 2181 536 2221 tibi
561 2182 749 2222 sumitue
774 2181 861 2221 tuis
885 2184 1081 2221 contacta
1104 2177 1272 2218 labellis

298 2255 482 2309 pocula?
549 2257 644 2310 quis
666 2260 858 2297 uestrum
883 2253 1133 2296 temerarius
1159 2265 1292 2306 usque
1316 2250 1430 2300 adeo,
1454 2251 1549 2304 quis

164 2341 226 2372 130
296 2330 500 2384 perditus,
524 2335 574 2371 ut
598 2330 712 2372 dicat
737 2331 827 2385 regi
851 2335 860 2351 ‘
875 2330 972 2371 bibe
988 2329 1029 2370 ’2
1096 2328 1283 2382 plurima
1306 2331 1408 2368 sunt
1433 2338 1538 2380 quae

297 2419 385 2446 non
409 2405 570 2447 audent
594 2407 787 2447 homines
810 2410 982 2460 pertusa
1006 2404 1144 2445 dicere
1168 2403 1301 2444 laena.

298 2480 612 2535 quadringenta
637 2481 719 2522 tibi
745 2482 780 2522 si
805 2481 900 2535 quis
920 2480 1023 2521 deus
1047 2484 1123 2520 aut
1147 2478 1304 2520 similis
1327 2477 1393 2518 dis

229 2571 292 2600 104
306 2568 410 2608 ylacie
425 2567 562 2606 nemini,
581 2570 748 2610 quantum
764 2568 841 2607 scio,
862 2570 1094 2610 praeterquam
1113 2565 1199 2597 mihi
1215 2567 1249 2597 et
1271 2563 1454 2597 Schradero
1471 2565 1505 2595 et
1528 2561 1701 2594 Hadriano

164 2619 298 2652 Valesio
314 2618 573 2651 admirationem
588 2620 718 2652 mouit:
743 2620 860 2651 ceteris
877 2619 1088 2661 exploratum
1104 2619 1155 2649 est
1167 2617 1287 2658 frigore
1300 2615 1406 2658 pisces
1419 2613 1604 2646 maculosos
1617 2614 1696 2651 fieri,

164 2680 219 2703 eos
234 2671 430 2713 praesertim
446 2671 505 2712 qui
522 2673 705 2702 torrentem
722 2669 877 2709 cloacam,
898 2670 1009 2701 locum
1025 2667 1290 2710 frigidissimum,
1308 2668 1481 2708 penetrare
1497 2664 1626 2697 soleant

223 2726 286 2754 105
309 2725 450 2762 torpente
474 2722 671 2764 Rutgersius
760 2726 821 2754 116
852 2723 997 2761 spumat
1027 2721 1120 2759 PSA,
1148 2720 1265 2750 fumat.
1288 2717 1326 2749 Ψ
1414 2717 1605 2750 tradentur
1634 2716 1696 2753 PF,

164 2774 338 2806 radentux
360 2775 430 2813 TU,
458 2775 635 2806 raduntur
660 2772 698 2805 Ψ
787 2778 848 2805 119
872 2774 966 2813 libye
990 2773 1047 2804 PU
1073 2771 1206 2812 aliique,
1233 2771 1329 2810 libya
1351 2767 1389 2801 Ψ
1478 2772 1539 2800 121
1564 2768 1702 2807 spectes

165 2825 204 2864 G,
225 2826 357 2866 spectis
379 2826 415 2865 P,
443 2827 586 2866 spectas
609 2824 657 2865 Ψ,
677 2826 801 2857 uideas
830 2824 932 2856 Paris.
961 2823 1045 2857 7906
1069 2825 1103 2855 et
1130 2823 1213 2854 9345
1237 2821 1363 2863 aliique
1451 2823 1513 2852 128
1536 2828 1580 2850 ue
1603 2818 1698 2856 PFU,

165 2883 234 2916 que
255 2874 294 2908 Ψ

1537 2928 1565 2958 D
