1947 3145
244 91 266 131 1
277 91 300 132 O
309 90 333 131 Ο
840 85 1166 128 IVVENALIS

374 217 614 246 concussere
638 204 795 244 ambae.
865 202 1020 243 mulier
1045 201 1292 243 saeuissima
1318 205 1420 241 tunc
1445 204 1509 241 est

372 293 469 320 cum
493 279 689 320 stimulos
713 278 808 318 odio
832 277 968 331 pudor
991 277 1197 316 admouet.
1268 275 1377 329 elige
1401 275 1606 328 quidnam

240 365 301 395 330
371 354 634 395 suadendum
660 366 746 393 esse
770 357 896 405 putes
921 351 990 392 cui
1014 351 1173 391 nubere
1198 349 1387 390 Caesaris
1411 363 1515 390 uxor

375 429 572 469 destinat.
642 427 827 481 optimus
853 426 922 466 hic
947 430 989 466 et
1014 425 1374 466 formonsissimus
1398 424 1511 464 idem

373 504 511 558 gentis
536 502 740 556 patriciae
763 500 931 554 rapitur
955 500 1084 540 miser
1108 498 1424 554 extinguendus

375 577 627 618 Messalinae
653 575 809 625 oculis3
845 575 1006 615 dudum
1031 575 1149 615 sedet
1174 574 1249 614 illa
1273 579 1423 628 parato

376 651 611 692 flammeolo
637 651 869 704 Tyriusque
893 650 1035 703 palam
1059 649 1238 704 genialis
1263 649 1309 689 in
1332 649 1473 689 hortis

243 739 304 769 335
375 727 582 768 sternitur
605 729 648 765 et
673 725 761 766 ritu
786 725 923 765 decies
946 729 1123 765 centena
1148 724 1367 764 dabuntur

376 801 568 854 antiquo,
592 800 738 840 ueniet
762 813 859 840 cum
884 799 1174 853 signatoribus
1198 812 1366 852 auspex.

377 877 479 916 haec
504 880 553 916 tu
578 879 734 915 secreta
758 879 800 915 et
824 875 970 928 paucis
995 875 1218 914 commissa
1241 874 1454 927 putabas?

378 964 463 991 non
488 950 571 990 nisi
596 949 786 1003 legitime
811 949 909 989 uult
934 949 1102 989 nubere.
1175 948 1279 1002 quid
1303 948 1468 1002 placeat
1493 947 1570 987 dic.

379 1026 424 1065 ni
448 1038 596 1079 parere
621 1024 741 1072 uelis,
764 1023 1029 1077 pereundum
1055 1024 1137 1064 erit
1161 1028 1259 1063 ante
1284 1023 1498 1073 lucernas3

244 1112 307 1143 340
376 1100 412 1141 si
436 1100 570 1140 scelus
594 1099 810 1147 admittas,
835 1099 1010 1139 dabitur
1034 1112 1151 1139 mora
1177 1098 1369 1152 paruula,
1394 1097 1498 1138 dum
1523 1110 1588 1137 res

379 1179 481 1216 nota
506 1175 603 1215 urbi
628 1179 671 1216 et
696 1174 852 1228 populo
876 1175 1097 1228 contingat
1122 1173 1327 1228 principis
1351 1186 1507 1213 aurem.

379 1249 558 1290 dedecus
582 1249 655 1290 ille
680 1249 830 1290 domus
856 1249 960 1289 sciet
984 1249 1192 1289 ultimus:
1229 1248 1392 1289 interea
1416 1252 1466 1288 tu

380 1325 608 1379 obsequere
633 1325 825 1378 imperio,
850 1324 885 1364 si
911 1324 1021 1365 tanti
1047 1325 1140 1364 uita
1164 1323 1329 1363 dierum

382 1414 626 1454 paucorum.
697 1399 908 1453 quidquid
932 1399 1072 1439 leuius
1096 1398 1332 1452 meliusque
1356 1397 1535 1452 putaris,

249 1486 311 1518 345
380 1474 618 1529 praebenda
645 1479 709 1516 est
733 1474 875 1528 gladio
898 1474 1079 1528 pulchra
1104 1474 1208 1514 haec
1232 1478 1275 1514 et
1300 1473 1479 1513 candida
1502 1472 1661 1513 ceruix.

449 1550 512 1590 nil
536 1563 635 1604 ergo
659 1549 873 1603 optabunt
898 1549 1123 1589 homines?
1193 1548 1229 1588 si
1253 1548 1479 1588 consilium
1504 1547 1582 1596 uis,

383 1625 606 1680 permittes
629 1625 735 1678 ipsis
759 1623 995 1678 expendere
1020 1623 1273 1664 numinibus
1297 1623 1401 1677 quid

384 1700 611 1741 conueniat
635 1699 756 1740 nobis
780 1699 989 1752 rebusque
1014 1699 1071 1740 sit
1096 1698 1205 1739 utile
1230 1698 1396 1739 nostris.

386 1790 486 1816 nam
511 1789 585 1830 pro
610 1774 807 1816 iucundis
831 1775 1053 1828 aptissima
1078 1787 1269 1828 quaeque
1293 1773 1456 1815 dabunt
1481 1774 1537 1822 di,

253 1863 316 1894 350
385 1851 520 1893 carior
543 1855 606 1892 est
630 1850 719 1891 illis
743 1850 871 1891 homo
896 1863 1024 1903 quam
1049 1849 1142 1890 sibi.
1213 1863 1287 1890 nos
1311 1849 1553 1890 animorum

388 1926 563 1981 inpulsu
587 1930 630 1966 et
653 1939 774 1966 caeca
797 1938 1038 1979 magnaque
1063 1924 1264 1978 cupidine
1288 1924 1407 1965 ducti

390 2002 638 2056 coniugium
661 2001 849 2055 petimus
873 2005 1129 2054 partumque
1154 1999 1311 2048 uxoris,
1335 2004 1380 2040 at
1404 1999 1493 2040 illis

390 2081 542 2118 notum
567 2077 642 2130 qui
665 2076 788 2130 pueri
814 2075 1034 2129 qualisque
1059 2074 1209 2116 futura
1233 2075 1291 2116 sit
1315 2088 1430 2116 uxor.

392 2157 441 2193 ut
466 2156 610 2193 tamen
636 2156 679 2193 et
703 2164 848 2205 poscas
873 2150 1039 2204 aliquid
1062 2163 1303 2204 uoueasque
1327 2149 1492 2191 sacellis

325 2286 386 2315 331
406 2282 573 2314 formons-
602 2291 641 2312 ex
669 2282 694 2313 F
790 2285 852 2313 338
879 2281 936 2312 dic
963 2281 1104 2320 placeat
1127 2280 1212 2320 quid
1237 2279 1307 2311 fior.
1337 2279 1436 2321 Sang.
1538 2283 1600 2312 339
1625 2280 1695 2311 erit
1720 2279 1791 2318 PAr

259 2336 335 2367 exit.
361 2335 398 2372 G,
427 2334 520 2365 derit
546 2334 593 2372 (et
617 2333 825 2373 pereupum)
849 2333 883 2370 F,
916 2334 971 2363 est
998 2331 1035 2363 Ψ
1123 2336 1185 2363 343
1218 2332 1249 2362 si
1279 2330 1327 2369 Ψ,
1362 2332 1411 2362 sit
1441 2332 1498 2363 PG
1585 2335 1648 2363 344
1678 2332 1792 2363 leuius

258 2387 454 2425 meliusque
477 2388 604 2426 septem
629 2384 793 2426 Rupertii,
814 2385 929 2416 leuius
952 2384 1123 2415 meliusue
1146 2383 1185 2421 A,
1206 2383 1390 2422 leuiusque
1413 2383 1448 2421 P,
1465 2383 1591 2415 melius
1609 2383 1793 2422 leuiusque

260 2437 298 2469 Ψ
386 2441 447 2468 351
473 2447 597 2477 magma
621 2439 655 2467 et
680 2446 737 2478 per
768 2445 801 2466 se
831 2435 971 2477 languet
995 2438 1030 2466 et
1056 2434 1138 2465 mire
1162 2436 1239 2476 post
1264 2444 1356 2466 caeca
1382 2433 1548 2466 adicitur:
1579 2433 1793 2465 scribendum

259 2487 395 2521 uidetur
418 2490 478 2519 aut
500 2498 595 2519 uana
612 2488 679 2528 (cui
703 2487 911 2519 coniecturae
932 2486 1066 2518 nullum
1086 2485 1290 2528 praesidium
1314 2489 1391 2527 peto
1415 2496 1454 2517 ex
1471 2486 1517 2517 eis
1539 2495 1622 2527 quae
1641 2483 1670 2517 Σ
1692 2484 1792 2516 adno-

260 2541 350 2573 tauit
369 2550 456 2571 caeco
476 2540 547 2570 siue
569 2549 658 2570 uano
677 2540 849 2578 desiderio)
867 2541 926 2570 aut
941 2549 1066 2579 praua,
1087 2537 1177 2579 quod
1199 2548 1275 2569 cum
1291 2537 1327 2568 in
1341 2547 1457 2578 parua
1477 2538 1671 2578 corruptum
1693 2539 1790 2574 esset,

260 2595 300 2624 ut
320 2600 392 2624 VIII
417 2592 458 2623 33
477 2600 626 2631 prauam
653 2590 689 2621 in
708 2601 868 2630 paruam,
890 2600 1032 2631 pronum
1056 2593 1128 2621 erat
1151 2589 1335 2620 coniectare
1359 2599 1503 2629 may‘na;
1534 2586 1611 2619 uide
1634 2586 1795 2619 Classical

260 2643 393 2676 Review
416 2641 481 2674 uol.
509 2650 591 2673 XVII
616 2652 646 2683 p.
672 2643 733 2672 309
757 2642 815 2672 ubi
837 2652 953 2682 parua
976 2652 1093 2682 queror
1115 2641 1250 2672 restitui
1274 2651 1333 2682 pro
1362 2650 1483 2680 magma
1508 2649 1626 2680 queror
1647 2638 1684 2670 in
1708 2638 1794 2670 Ciris

258 2705 358 2728 uersu
376 2696 448 2727 441.
498 2703 631 2735 prorsus
655 2692 764 2724 simile
781 2696 830 2724 est
853 2692 944 2734 quod
960 2691 1084 2724 accidit
1100 2692 1135 2723 in
1160 2693 1259 2724 Mart.
1278 2701 1318 2724 1x
1335 2693 1375 2723 88
1392 2693 1421 2729 2,
1442 2691 1501 2722 ubi
1516 2701 1590 2722 cum
1608 2700 1667 2732 pro
1684 2691 1795 2731 cepisti

259 2747 425 2788 scriptum
448 2748 534 2777 esset
554 2745 692 2784 coepisti,
714 2744 786 2782 hoe,
806 2744 885 2785 quia
901 2744 1088 2775 sententiae
1105 2743 1354 2781 aduersabatur,
1376 2743 1411 2773 in
1428 2741 1613 2774 contrariae
1629 2741 1793 2782 signifiea-

260 2799 365 2831 tionis
388 2796 529 2830 uerbum
552 2796 664 2827 desisti
684 2797 855 2826 mutatum
879 2798 930 2826 est
1017 2796 1116 2827 ducti
1139 2794 1213 2834 ΡΨ,
1242 2795 1340 2835 capti
1364 2795 1390 2826 Ο
1412 2793 1479 2824 flor.
1502 2792 1653 2824 Parisina
1670 2791 1796 2834 aliique

348 2854 411 2883 354
426 2851 468 2881 ut
483 2850 605 2880 tamen
620 2850 657 2879 et
673 2848 770 2886 PGU,
788 2849 828 2878 at
843 2849 964 2878 tamen
979 2848 1021 2878 ut
1037 2846 1074 2878 Ψ
