1947 3145
760 75 995 116 SATVRA
1029 76 1123 117 VII
1649 76 1672 120 7
1685 79 1706 117 1

309 195 601 249 spirantisque
624 208 765 236 crocos
789 199 831 235 613
856 195 901 234 in
927 209 1035 235 urna
1059 198 1315 249 perpetuum
1340 207 1428 244 uer,

309 270 383 324 qui
408 274 723 324 praeceptorem
748 270 885 310 sancti
904 270 1074 311 uoluere
1098 270 1286 324 parentis

173 356 237 387 210
307 359 394 387 esse
419 345 518 387 loco.
590 349 785 386 metuens
810 346 956 400 uirgae
981 346 1067 386 iam
1092 345 1266 400 grandis
1290 344 1483 386 Achilles

308 421 509 462 cantabat
532 421 688 474 patriis
712 421 757 460 in
782 421 1004 461 montibus
1027 426 1070 461 et
1094 421 1162 461 cui
1187 435 1273 461 non
1298 425 1402 461 tunc

307 497 478 538 eliceret
503 497 638 537 risum
663 496 901 537 citharoedi
925 497 1059 537 cauda
1084 497 1294 551 magistri,

307 572 379 613 sed
403 572 566 612 Rufum
590 576 718 626 atque
741 571 845 612 alios
869 572 1007 612 caedit
1031 585 1105 612 sua
1129 585 1339 626 quemque
1362 572 1576 620 iuuentus,

307 648 483 697 Rufum,
507 660 633 701 quem
659 647 818 689 totiens
843 647 1091 688 Ciceronem
1113 647 1349 702 Allobroga
1373 647 1496 688 dixit.

172 732 235 764 215
372 723 468 777 quis
492 722 653 777 gremio
678 721 823 763 Celadi
847 722 1044 776 doctique
1068 723 1336 763 Palaemonis
1360 723 1500 763 adfert

306 802 521 852 quantum
545 797 850 852 grammaticus
873 798 1032 838 meruit
1056 797 1207 838 labor?
1275 802 1318 838 et
1342 802 1488 839 tamen
1513 811 1564 838 ex
1589 797 1679 845 hoc,

307 873 604 928 quodcumque
628 877 704 921 est,
727 873 870 913 minus
894 877 958 914 est
982 878 1126 914 autem
1151 887 1279 927 quam
1304 874 1484 914 rhetoris
1508 886 1615 921 aera,

306 949 506 1003 discipuli
530 953 670 990 custos
694 949 963 1002 praemordet
988 954 1295 990 acoenonoetus

304 1029 349 1066 613
373 1024 450 1079 qui
474 1024 694 1078 dispensat
718 1024 878 1078 frangit
902 1024 996 1065 sibi.
1063 1025 1174 1073 cede,
1198 1025 1439 1074 Palaemon,

170 1110 234 1141 220
302 1104 348 1142 et
371 1104 516 1153 patere
540 1099 639 1140 inde
663 1099 827 1153 aliquid
852 1099 1096 1148 decrescere,
1121 1114 1206 1140 non
1230 1100 1356 1141 aliter
1380 1114 1508 1154 quam

305 1175 481 1216 institor
504 1175 705 1215 hibernae
730 1174 885 1229 tegetis
909 1175 1109 1228 niueique
1133 1175 1315 1224 cadurci,

305 1249 532 1291 dummodo
555 1263 641 1290 non
666 1254 808 1302 pereat
832 1249 995 1290 mediae
1019 1250 1131 1303 quod
1155 1251 1294 1291 noctis
1318 1250 1370 1290 ab
1394 1251 1496 1291 hora

305 1325 465 1373 sedisti,
489 1338 575 1378 qua
598 1338 722 1364 nemo
746 1324 875 1373 faber,
900 1339 985 1378 qua
1009 1338 1132 1365 nemo
1157 1325 1317 1366 sederet

305 1400 381 1454 qui
405 1399 527 1441 docet
551 1399 728 1454 obliquo
754 1399 897 1440 lanam
923 1399 1124 1440 deducere
1150 1400 1283 1452 ferro;

169 1489 232 1520 225
303 1477 534 1519 dummodo
558 1492 643 1518 non
667 1482 810 1531 pereat
835 1478 1015 1518 totidem
1041 1478 1230 1519 olfecisse
1254 1478 1451 1519 lucernas

305 1557 411 1608 quot
436 1553 610 1594 stabant
633 1553 768 1607 pueri,
791 1567 887 1593 cum
914 1557 1030 1593 totus
1055 1553 1219 1594 decolor
1242 1558 1350 1595 esset

305 1628 483 1669 Flaccus
506 1632 549 1669 et
574 1628 764 1668 haereret
788 1628 910 1682 nigro
935 1627 1070 1683 fuligo
1096 1628 1278 1670 Maroni.

304 1717 400 1744 rara
425 1708 569 1745 tamen
594 1717 752 1744 merces
775 1716 880 1757 quae
905 1703 1147 1758 cognitione
1172 1703 1338 1744 tribuni

304 1793 390 1820 non
414 1783 544 1834 egeat.
615 1779 687 1820 sed
711 1792 788 1819 uos
812 1792 959 1819 saeuas
983 1779 1178 1832 inponite
1203 1779 1326 1834 leges,

169 1865 234 1896 230
303 1859 352 1896 1113
378 1855 641 1908 praeceptori
664 1854 891 1895 uerborum
914 1854 1060 1908 regula
1084 1858 1261 1903 constet,

305 1934 354 1971 ut
379 1930 494 1984 legat
518 1930 731 1979 historias,
755 1934 949 1970 auctores
974 1930 1144 1970 nouerit
1169 1943 1313 1970 omnes

306 2010 527 2059 tamquam
550 2018 716 2060 ungues
740 2004 984 2058 digitosque
1010 2018 1118 2053 suos,
1143 2009 1191 2045 ut
1215 2005 1325 2046 forte
1349 2009 1533 2059 rogatus,

305 2080 407 2121 dum
431 2080 543 2134 petit
568 2085 646 2120 aut
670 2081 859 2121 thermas
883 2084 958 2120 aut
984 2080 1144 2120 Phoebi
1168 2080 1330 2128 balnea,
1353 2079 1467 2120 dicat

304 2155 519 2196 nutricem
542 2155 768 2203 Anchisae,
792 2169 947 2195 nomen
970 2155 1241 2208 patriamque
1266 2168 1467 2195 nouercae

168 2241 231 2273 235
302 2230 570 2279 Anchemoli,
594 2230 709 2271 dicat
734 2236 841 2284 quot
865 2231 1038 2271 Acestes
1063 2230 1224 2271 uixerit
1249 2231 1387 2279 annis,

303 2310 409 2360 quot
434 2305 566 2346 Siculi
591 2306 838 2360 Phrygibus
863 2306 957 2346 uini
981 2305 1203 2346 donauerit
1228 2319 1365 2346 urnas.

233 2445 296 2473 208
320 2441 567 2481 spirantesque
594 2439 632 2471 Ψ
656 2440 732 2480 (-tis
758 2440 922 2479 Iahnius),
951 2441 1199 2481 spirandieque
1227 2441 1277 2472 PS
1367 2445 1430 2473 214
1453 2450 1557 2481 quem
1579 2442 1605 2473 P
1628 2440 1700 2472 fior.

169 2493 268 2535 sang.
289 2493 360 2532 GU,
380 2493 441 2533 qui
463 2490 501 2523 Ψ
589 2496 651 2523 215
676 2493 788 2523 celadi
811 2493 909 2529 PGU,
931 2493 1089 2523 enceladi
1106 2490 1143 2522 Ψ
1232 2496 1294 2524 217
1310 2494 1432 2524 autem
1448 2491 1494 2531 Ψ,
1515 2495 1580 2525 aut
1598 2492 1699 2524 Paris.

168 2544 263 2584 7906,
285 2554 349 2576 om.
369 2545 428 2576 PA
515 2548 577 2575 218
600 2545 857 2575 acoenonoetus
880 2544 941 2581 PS,
964 2545 1217 2575 acoenonoetos
1241 2545 1279 2583 G,
1307 2546 1539 2576 acoenonetos
1563 2546 1594 2577 U
1617 2544 1705 2576 sicut

167 2596 354 2629 coniecerat
377 2596 580 2637 Grangaeus‚
609 2597 817 2626 aeoeneteus
841 2596 877 2633 O,
899 2597 1090 2626 acoenetus
1113 2596 1177 2633 FT,
1204 2597 1392 2627 acoenetus
1415 2597 1491 2636 ipse
1515 2596 1581 2627 fere
1604 2596 1660 2627 AL

256 2651 318 2680 219
335 2648 470 2687 frangit
496 2647 581 2679 FGU
605 2649 638 2677 et
660 2656 699 2677 ex
722 2656 802 2677 corr.
823 2647 858 2685 P,
880 2647 1024 2686 frangat
1047 2647 1114 2685 ΡΑ,
1141 2647 1284 2686 franget
1308 2648 1392 2679 LOT
1480 2651 1542 2679 223
1566 2648 1705 2679 sederet

168 2700 204 2738 P,
225 2700 364 2732 sedebit
386 2700 486 2736 FGU,
506 2699 652 2730 sedebat
667 2699 782 2730 ALOT
871 2702 934 2730 234
958 2699 1183 2738 patriamque
1203 2697 1250 2737 Ψ,
1270 2700 1478 2739 patriaeque
1502 2700 1553 2731 PS
1642 2703 1704 2730 235

167 2751 373 2783 Anchemoli
403 2749 470 2781 duo
502 2749 656 2791 Rupertii
687 2748 824 2788 codices,
853 2751 1062 2782 Anchemori
1088 2751 1158 2789 GU,
1187 2751 1386 2782 Archemoli
1417 2752 1444 2783 Ο
1475 2750 1579 2781 Paris.
1609 2749 1701 2787 7906,

168 2802 374 2834 Archemori
396 2802 546 2840 PSAL'I',
566 2802 749 2833 Archmori
765 2803 790 2833 F
877 2802 979 2833 annis
996 2802 1057 2840 PS,
1079 2810 1192 2833 annus
1216 2803 1251 2840 F,
1270 2810 1381 2834 annos
1397 2800 1435 2833 Ψ
1522 2806 1584 2834 236
1601 2802 1706 2834 siculi

169 2854 264 2893 PGL,
284 2854 406 2886 siculis
422 2854 462 2893 11,
484 2854 617 2885 siculus
633 2851 671 2884 Ψ
