1947 3145
754 99 987 140 SATVRA
1025 99 1072 139 ΙΙ
1618 98 1640 138 1
1651 99 1673 138 1

281 220 394 274 quod
419 233 496 261 nec
520 219 565 259 in
590 218 768 272 Assyrio
792 218 1043 272 pharetrata
1069 217 1324 258 Sameramis
1349 216 1445 256 orbe

279 299 440 336 maesta
463 307 540 335 nec
563 293 742 334 Actiaca
766 293 869 334 fecit
895 292 1121 346 Cleopatra
1145 293 1298 332 carina.

147 381 208 412 110
277 370 348 411 hic
372 369 520 411 nullus
543 369 685 410 uerbis
710 368 845 422 pudor
869 373 945 409 aut
969 368 1211 408 reuerentia
1236 379 1417 414 mensae,

279 445 349 486 hic
373 444 514 499 turpis
541 444 720 499 Cybeles
743 449 787 484 et
811 444 947 484 fracta
973 457 1072 484 uoce
1098 442 1300 496 loquendi

278 520 452 561 libertas
475 524 519 561 et
543 520 656 560 crine
680 532 808 560 senex
833 519 1047 559 fanaticus
1072 519 1167 559 albo

279 609 494 637 sacrorum
517 595 711 642 antistes,
734 607 877 634 rarum
901 607 948 634 ac
973 594 1248 634 memorabile
1273 592 1419 647 magni

279 671 470 725 gutturis
494 669 738 723 exemplum
762 668 1139 722 conducendusque
1164 668 1378 723 magister.

146 756 208 788 115
279 745 385 800 quid
409 750 554 786 tamen
578 749 819 798 expectant,
844 744 1034 798 Phrygio
1059 758 1163 798 quos
1189 748 1355 797 tempus
1380 747 1471 783 erat
1496 742 1582 782 iam

280 834 394 862 more
417 833 725 874 superuacuam
749 819 901 860 cultris
925 820 1174 872 abrumpere
1199 820 1400 859 carnem?

279 896 600 951 quadringenta
625 895 742 936 dedit
769 895 985 936 Gracchus
1010 895 1205 935 sestertia-
1231 893 1373 934 dotem

279 971 496 1019 cornicini,
521 971 611 1012 siue
635 971 705 1011 hic
729 976 842 1011 recto
866 975 1114 1011 cantauerat
1139 983 1256 1019 aere3

279 1047 472 1102 signatae
497 1046 682 1095 tabulae,
706 1045 872 1086 dictum
896 1045 1127 1093 ‘feliciter‚'
1153 1045 1306 1099 ingens

147 1132 209 1164 120
279 1135 381 1163 cena
405 1121 536 1170 sedet,
560 1121 722 1176 gremio
747 1120 879 1161 iacuit
904 1134 1014 1160 noua
1040 1124 1178 1173 nupta
1203 1119 1361 1160 mariti.

279 1210 303 1237 ο
326 1210 526 1250 proceres,
551 1209 721 1236 censore
745 1209 849 1248 opus
874 1200 938 1236 est
963 1209 1019 1235 an
1045 1195 1266 1248 haruspice
1291 1194 1444 1234 nobis?

279 1271 446 1312 scilicet
470 1271 657 1311 horreres
681 1270 926 1323 maioraque
951 1275 1139 1310 monstra
1164 1275 1346 1323 putares,

277 1347 315 1388 si
339 1346 496 1387 mulier
520 1345 710 1387 uitulum
734 1345 804 1386 uel
828 1346 865 1386 si
890 1346 962 1387 bos
987 1345 1130 1386 ederet
1154 1347 1347 1399 agnum?

279 1426 498 1477 segmenta
521 1426 565 1462 et
589 1421 737 1475 longos
762 1421 936 1462 habitus
960 1425 1003 1461 et
1028 1420 1220 1460 flammea
1246 1420 1379 1460 sumit

146 1507 208 1539 125
277 1510 431 1539 arcano
454 1497 532 1551 qui
555 1510 672 1537 sacra
697 1496 833 1537 ferens
859 1496 1062 1537 nutantia
1087 1496 1177 1535 loro

281 1572 454 1614 sudauit
478 1572 640 1626 clupeis
665 1572 887 1612 ancilibus.
959 1585 982 1611 o
1007 1576 1129 1625 pater
1152 1571 1282 1618 urbis,

279 1648 394 1690 unde
419 1648 538 1689 nefas
563 1652 736 1688 tantum
761 1647 896 1688 Latiis
922 1647 1195 1700 pastorilms?
1265 1646 1375 1686 unde

281 1724 384 1765 haec
408 1723 568 1778 tetigit,
593 1722 794 1771 Gradiue,
819 1728 912 1763 tuos
938 1722 1078 1763 urtica
1103 1728 1277 1775 nepotes
1298 1724 1309 1761 ,ἲ

280 1800 470 1842 traditur
492 1813 586 1842 ecce
610 1800 704 1840 uiro
729 1799 866 1840 clarus
891 1812 1043 1854 genere
1068 1804 1197 1853 atque
1222 1799 1372 1852 opibus
1398 1798 1477 1846 uir,

147 1886 210 1918 130
278 1889 357 1917 nec
379 1876 544 1931 galeam
569 1888 746 1930 quassas
770 1888 848 1915 nec
873 1880 1032 1916 terram
1057 1874 1228 1928 cuspide
1253 1873 1398 1928 pulsas

281 1965 360 1993 nec
383 1951 572 2006 quereris
595 1951 721 2005 patri.
792 1950 898 1990 uade
922 1963 1019 2004 ergo
1044 1954 1086 1990 et
1110 1949 1209 1990 cede
1234 1950 1370 1990 seueri

281 2026 500 2081 iugeribus
523 2027 675 2081 campi,
698 2039 824 2080 quem
848 2025 1049 2080 neglegis.
1120 2024 1330 2065 ‘officium
1355 2037 1446 2065 cras

282 2102 422 2156 primo
447 2102 534 2143 sole
558 2102 668 2142 mihi
692 2101 980 2157 peragendum
1006 2102 1051 2141 in
1077 2100 1189 2141 ualle
1215 2099 1411 2150 Quirini?

215 2202 277 2231 108
308 2199 516 2230 sameramis
553 2199 603 2230 Ps
637 2197 752 2236 Vind„
788 2200 827 2229 ut
859 2198 924 2228 scre
963 2197 1071 2228 solent
1104 2196 1224 2238 optimi
1255 2195 1382 2228 codices
1414 2196 1538 2234 Latini,
1575 2195 1686 2227 nescio

148 2260 251 2292 quam
277 2252 375 2288 recte,
403 2251 604 2282 samiramis
635 2251 704 2288 ΟΠ,
733 2250 932 2281 semiramis
964 2247 1001 2279 Ψ
1099 2249 1220 2288 asyria
1244 2272 1250 2280 .
1280 2273 1286 2279 .
1317 2273 1323 2280 .
1350 2249 1436 2279 urbe
1467 2247 1569 2279 Vind.
1599 2247 1686 2279 sicut

148 2301 335 2333 coniecerat
366 2300 561 2333 Hadrianus
593 2301 748 2333 Valesius
851 2305 912 2333 111
944 2301 1060 2341 turpis
1099 2301 1124 2332 P
1156 2299 1258 2331 Vind.
1290 2298 1336 2338 Ψ,
1366 2302 1490 2340 turpes
1520 2300 1548 2331 Τ
1580 2299 1682 2330 Paris.

151 2355 246 2387 9345.
295 2355 406 2394 turpis
435 2363 524 2385 nom.
553 2352 653 2394 plur.,
689 2353 834 2391 obsceni,
866 2356 905 2384 ut
936 2361 1009 2384 xm
1038 2353 1099 2383 224
1128 2353 1302 2390 acerrimis,
1334 2359 1401 2382 xxv
1428 2352 1491 2383 300
1518 2351 1687 2387 uclantis;

150 2416 230 2438 nam
250 2406 378 2447 Cybeles
392 2408 420 2436 et
432 2405 587 2445 loquendi
600 2405 732 2436 libertas
744 2415 812 2436 non
826 2405 931 2446 magis
950 2404 1108 2435 Latinum
1121 2406 1173 2435 est
1185 2413 1287 2445 quam
1300 2403 1453 2435 Suetonii
1465 2406 1493 2434 et
1507 2403 1688 2434 Caesarum

151 2459 266 2496 uitae;
288 2456 370 2489 haec
391 2459 506 2488 autem
527 2456 643 2495 oratio,
665 2458 774 2496 turpis
800 2457 928 2496 Cybeles
950 2459 978 2487 et
1002 2456 1136 2487 libertas
1159 2459 1186 2486 et
1212 2466 1306 2487 sene-2·
1333 2456 1382 2495 (et
1409 2455 1519 2497 turpis
1547 2454 1688 2497 Cybeles

150 2508 290 2541 libertas
313 2512 348 2541 et
371 2512 398 2541 t.
425 2508 461 2540 O.
486 2510 611 2546 senex),
640 2518 682 2539 ne
705 2507 855 2539 humana
879 2506 1016 2548 quidem
1041 2506 1186 2539 uidetur.
1233 2506 1334 2539 scribi
1357 2509 1469 2549 potest
1492 2507 1609 2546 turpi:
1635 2507 1686 2537 ’ἰη-

151 2561 295 2602 quinata
316 2571 382 2592 uox
403 2559 545 2592 Genucii
568 2558 744 2591 cuiusdam
769 2559 890 2591 Matris
914 2569 1055 2600 magnae
1080 2558 1170 2590 Galli
1194 2561 1474 2590 commemoratur
1493 2557 1565 2589 Val.
1592 2558 1683 2589 Max.

150 2620 208 2644 VII
225 2612 242 2645 7
258 2614 287 2651 6,
303 2611 382 2644 uide
393 2611 497 2643 etiam
510 2610 636 2653 Appul.
653 2614 733 2642 met.
750 2619 824 2641 V111
839 2612 878 2641 26
892 2611 1008 2641 chorus
1020 2611 1235 2641 cinaedorzcm
1251 2634 1258 2642 .
1281 2634 1288 2642 .
1310 2635 1317 2642 .
1329 2611 1446 2650 fracta
1459 2613 1486 2641 et
1498 2610 1688 2650 effeminata

151 2674 226 2696 uoce
314 2668 377 2696 116
402 2664 611 2703 abrumpere
635 2661 708 2698 ΡΨ,
734 2663 933 2694 abscisdere
958 2660 1071 2699 Vind„
1099 2663 1305 2694 abscindere
1331 2663 1366 2701 L,
1394 2663 1576 2694 abscidere
1601 2661 1685 2692 Brit.

153 2716 258 2748 15600
287 2715 385 2748 Laur.
414 2724 532 2748 xxxn'
564 2717 604 2746 42
635 2713 769 2755 aliique,
799 2713 916 2746 Claud.
947 2714 982 2745 in
1014 2714 1110 2745 Eutr.
1140 2722 1153 2745 1
1185 2715 1247 2745 280
1279 2714 1433 2754 ‘inguinis
1462 2717 1490 2744 et
1520 2713 1689 2753 reliquum

151 2768 310 2810 Phrygiis
325 2769 486 2800 abscidere
505 2767 558 2807 (al.
580 2767 780 2805 abscindere)
797 2767 914 2798 mzlcrazs
1004 2770 1066 2798 130
1089 2775 1153 2798 nec
1176 2767 1335 2806 quereris
1356 2767 1453 2806 patri
1473 2774 1537 2798 nec
1555 2767 1690 2797 terram

153 2821 298 2861 cuspide
319 2828 469 2861 quassas
493 2819 595 2851 Prisc.
616 2818 745 2850 G.L.K.
768 2827 811 2849 111
829 2828 860 2860 p.
882 2819 944 2850 275
967 2822 1000 2849 et
1018 2819 1079 2849 :326
1169 2822 1231 2850 133
1252 2819 1347 2850 ualle
1363 2816 1392 2848 Σ
1408 2816 1510 2848 vind.
1531 2815 1577 2851 Ψ,
1595 2816 1690 2848 ualle

153 2872 241 2904 colle
264 2873 316 2904 Ps
