1947 3145
758 92 996 133 SATVRA
1029 92 1096 133 VI
1102 92 1123 132 Ι
1650 93 1673 134 6
1683 93 1707 133 9

171 220 236 251 160
305 209 370 251 nil
395 210 497 252 salit
520 210 728 251 Arcadico
753 210 913 259 iuueni,
936 210 1058 251 cuius
1081 210 1190 250 mihi
1215 214 1335 251 sexta

307 299 474 340 quaque
498 285 565 326 die
589 285 796 326 miserum
819 285 936 326 dirus
959 289 1088 339 caput
1112 285 1335 326 Hannibal
1359 284 1510 339 inplet,

309 360 522 415 quidquid
547 360 593 401 id
617 365 681 401 est
705 360 756 401 de
780 374 863 414 quo
888 360 1106 409 deliberat,
1130 374 1185 401 an
1209 364 1330 414 petat
1353 360 1502 401 urbem

308 450 333 476 a
358 435 529 484 Cannis,
548 449 602 476 an
628 440 725 489 post
748 436 917 476 nimbos
941 440 984 476 et
1009 435 1194 476 fulmina
1217 440 1368 478 cautus

308 512 572 566 circumagat
596 510 790 552 madidas
814 525 838 551 a
863 515 1117 565 tempestate
1141 510 1340 552 cohortes.

173 597 237 627 165
306 590 518 641 quantum
543 586 608 626 uis
627 585 833 640 stipulare
857 590 901 627 et
924 586 1120 639 protinus
1144 587 1309 640 accipe:
1346 585 1451 640 quid
1475 586 1528 627 do

309 666 358 702 ut
383 661 542 702 totiens
568 661 695 702 illum
719 666 840 715 pater
867 661 1045 702 audiat?
1113 662 1216 702 haec
1239 661 1316 702 alii
1340 675 1413 703 sex

309 738 378 779 uel
402 738 546 793 plures
571 752 656 779 uno
680 739 950 780 conclamant
974 752 1045 779 ore
1070 739 1284 793 sophistae

308 819 351 855 et
375 827 497 855 ueras
521 814 689 869 agitant
713 814 812 855 lites
835 818 1004 868 raptore
1027 813 1201 855 relicto:

308 889 402 930 fusa
425 902 591 930 uenena
615 889 759 938 silent,
784 889 922 930 malus
947 889 1225 944 ingratusque
1250 889 1431 930 maritus

176 973 237 1005 170
307 968 351 1005 et
374 977 480 1018 quae
505 964 592 1004 iam
617 969 780 1005 ueteres
804 968 958 1005 sanant
983 964 1188 1005 mortaria
1211 977 1362 1005 caecos.

309 1052 409 1094 ergo
434 1039 517 1080 sibi
541 1039 661 1080 dabit
681 1039 770 1093 ipse
792 1039 958 1088 rudem,
983 1039 1019 1079 si
1043 1043 1188 1080 nostra
1207 1039 1445 1080 mouebunt

309 1114 501 1163 consilia,
525 1119 569 1155 et
593 1114 710 1155 uitae
735 1114 954 1155 diuersum
978 1114 1062 1155 iter
1087 1115 1354 1169 ingredietur

310 1189 365 1230 ad
388 1203 578 1245 pugnam
604 1189 678 1243 qui
702 1189 912 1230 rhetorica
936 1189 1155 1230 descendit
1179 1190 1232 1230 ab
1256 1190 1418 1239 umbra,

311 1264 527 1307 summula
551 1278 604 1305 ne
628 1269 773 1318 pereat
798 1279 882 1318 qua
906 1264 1007 1306 uilis
1033 1269 1191 1306 tessera
1215 1265 1340 1306 uenit

176 1350 238 1382 175
308 1340 517 1381 frumenti
533 1353 542 1391 ;
577 1340 737 1394 quippe
761 1340 865 1381 haec
888 1353 1045 1381 merces
1070 1340 1321 1381 lautissima.
1393 1345 1555 1394 tempta

311 1415 612 1470 Chrysogonus
636 1415 789 1469 quanti
814 1415 960 1456 doceat
986 1415 1057 1455 uel
1081 1415 1201 1455 Polio
1226 1416 1379 1469 quanti

308 1491 524 1532 lautorum
548 1503 723 1544 pueros:
759 1495 897 1531 artem
922 1490 1087 1531 scindes
1112 1490 1331 1531 Theodori.

310 1566 462 1607 balnea
487 1565 688 1606 sescentis
712 1570 755 1606 et
779 1565 916 1620 pluris
940 1566 1128 1619 porticus
1152 1566 1198 1606 in
1223 1579 1306 1619 qua

311 1646 503 1696 gestetur
526 1641 724 1681 dominus
750 1641 948 1695 quotiens
972 1641 1112 1695 pluit:
1147 1654 1258 1681 anne
1283 1653 1479 1681 serenum

177 1726 239 1758 180
309 1720 505 1771 expectet
529 1720 790 1770 spargatque
813 1715 907 1756 luto
931 1716 1125 1756 iumenta
1150 1716 1342 1756 recenti?

310 1791 381 1832 hic
404 1791 563 1846 potius,
586 1804 772 1845 namque
796 1791 866 1831 hic
890 1791 1075 1831 mundae
1095 1791 1207 1831 nitet
1233 1790 1397 1845 ungula
1421 1790 1573 1832 mulae.

310 1871 433 1921 parte
456 1867 542 1908 alia
565 1866 706 1921 longis
731 1866 1020 1906 Numidarum
1044 1866 1158 1907 fulta
1182 1865 1391 1907 columnis

311 1946 460 1997 surgat
484 1945 527 1983 et
551 1941 767 1996 algentem
792 1941 932 1995 rapiat
957 1941 1123 1982 cenatio
1143 1941 1284 1983 solem.

311 2017 650 2071 quanticumque
674 2017 835 2065 domus,
861 2017 1008 2058 ueniet
1033 2016 1107 2071 qui
1132 2016 1293 2057 fercula
1318 2016 1440 2058 docte

177 2103 239 2134 185
309 2093 524 2147 conponit,
549 2093 694 2133 ueniet
719 2092 794 2146 qui
817 2092 1108 2146 pulmentaria
1132 2092 1288 2133 condit.

242 2192 305 2221 165
321 2189 480 2229 accipere
503 2189 529 2221 P
550 2188 650 2220 Arou.
744 2188 830 2228 quid
849 2188 992 2220 PFGTU
1015 2187 1114 2219 Prisc.
1137 2187 1264 2219 G.L.K.
1286 2195 1314 2219 11
1336 2197 1368 2229 p.
1390 2187 1450 2221 387
1468 2190 1502 2219 et
1520 2196 1565 2220 111
1585 2198 1616 2230 p.
1637 2188 1710 2228 275,

174 2241 271 2282 quod
286 2241 373 2273 ALo
461 2244 523 2272 166
540 2241 626 2272 haec
646 2240 770 2277 PFGU,
788 2242 845 2272 est
867 2240 969 2271 Paris.
991 2239 1084 2278 7906,
1105 2241 1164 2271 ast
1181 2239 1298 2271 ALOT
1385 2243 1448 2271 167
1468 2240 1527 2272 uel
1543 2241 1604 2279 PS,
1625 2242 1663 2273 et
1678 2238 1717 2271 Ψ

176 2293 228 2333 <in
243 2303 307 2325 ras.
327 2293 369 2331 Τ)
458 2296 520 2324 169
545 2296 607 2324 170
632 2291 746 2323 thema
767 2291 962 2323 huiusmodi
983 2294 1056 2323 est:
1081 2292 1203 2322 marito
1223 2301 1310 2323 caeco
1329 2301 1413 2322 ‘texor
1428 2301 1595 2324 uenenum
1616 2293 1715 2331 dedit,

176 2345 238 2378 ille
259 2346 377 2385 recepit
400 2345 527 2377 oculos:
549 2354 686 2376 ‘taxarem
709 2345 849 2383 dimisit,
870 2344 999 2384 iizqrati
1019 2354 1095 2375 reus
1109 2347 1154 2375 est
1242 2348 1304 2376 175
1327 2346 1466 2384 tempta.
1488 2342 1534 2384 Ψ,
1555 2346 1716 2386 tempta*

174 2397 215 2437 Τ,
235 2398 393 2437 temptat
409 2397 461 2428 PS
549 2400 611 2428 177
628 2397 767 2428 scindes
783 2395 878 2427 Voss.
901 2397 940 2427 64
958 2405 1046 2427 man.
1069 2398 1084 2427 1
1103 2395 1192 2426 sicut
1208 2395 1394 2427 coniecerat
1412 2395 1561 2434 Iahnius,
1579 2397 1719 2430 seidens

177 2447 282 2481 Paris.
311 2448 405 2487 7906,
434 2448 597 2480 scindens
624 2445 715 2479 ΡΒΨ
838 2451 899 2479 181
927 2446 992 2479 del.
1023 2446 1243 2478 Heinrichius
1364 2451 1427 2479 185
1454 2449 1633 2488 componit
1659 2449 1718 2481 GT

177 2500 312 2542 aliique,
337 2501 526 2540 componat
549 2497 615 2532 ΡΨ
702 2500 822 2531 condit
845 2500 1000 2538 PAFG'I',
1028 2500 1159 2531 condat
1181 2500 1278 2537 LOU,
1306 2500 1438 2531 condiat
1465 2499 1711 2532 Lachmannus.

176 2551 385 2584 indicatiuus
402 2552 439 2583 in
454 2549 649 2582 huiusmodi
662 2550 850 2588 sententiis,
869 2560 944 2581 cum
961 2550 1074 2581 minus
1090 2550 1238 2582 usitatus
1256 2553 1342 2582 esset
1354 2550 1580 2592 subiunctiuo,
1598 2552 1717 2584 multis

176 2603 325 2636 librariis
359 2603 569 2646 displicebat,
604 2603 664 2644 qui
699 2603 902 2644 ubicumque
938 2613 996 2644 per
1026 2605 1174 2634 metrum
1206 2605 1363 2645 poterant
1393 2603 1539 2637 libenter
1572 2604 1717 2636 alterum

177 2655 396 2698 reponebant.
457 2654 573 2696 itaque
610 2654 647 2685 in
685 2663 726 2685 1x
758 2655 819 2686 145
851 2664 899 2696 sq.
931 2655 974 2685 sit
1010 2654 1099 2686 mihi
1131 2658 1303 2695 praeterea
1340 2665 1466 2688 curuus
1503 2657 1656 2694 caelator,
1690 2659 1718 2688 et

178 2708 266 2740 alter
288 2707 293 2750 Ι
318 2708 379 2749 qui
407 2708 533 2739 multas
562 2706 671 2747 facies
702 2706 843 2746 pingit
873 2706 945 2744 cito,
978 2705 1038 2737 ubi
1067 2707 1094 2738 P
1119 2707 1235 2746 pinyit
1265 2707 1422 2743 seruauit,
1454 2707 1491 2739 in
1521 2706 1559 2738 Ψ
1590 2707 1716 2740 factum

179 2761 232 2791 est
263 2760 409 2800 pinqat3
448 2758 484 2789 in
518 2766 559 2789 xi
597 2758 766 2796 129-131,
804 2756 863 2788 ubi
898 2755 936 2787 Ψ
971 2767 1044 2797 erqo
1079 2758 1256 2798 superbum
1280 2758 1285 2800 Ι
1311 2759 1491 2790 conuiuam
1526 2768 1623 2790 caueo
1658 2760 1719 2800 qui

179 2821 232 2842 me
261 2810 326 2842 sibi
355 2812 557 2850 comparat
586 2812 615 2840 et
644 2819 695 2840 res
724 2809 891 2849 despicit
921 2810 1057 2848 antiquas
1087 2808 1260 2848 exhibent,
1291 2813 1460 2850 comparat
1490 2809 1526 2841 in
1557 2813 1719 2851 comparet

180 2862 332 2895 mutauit
347 2863 383 2901 P,
405 2861 464 2904 qui
480 2861 661 2903 quominus
677 2859 793 2892 eadem
815 2870 914 2902 opera
934 2860 1092 2901 despiciat
1113 2864 1256 2893 nouaret
1274 2861 1422 2893 numeris
1443 2860 1625 2894 deterritus
1647 2864 1720 2900 est3
