<?xml version="1.0" encoding="UTF-8"?>
<!DOCTYPE html PUBLIC "-//W3C//DTD XHTML 1.0 Transitional//EN"
    "http://www.w3.org/TR/xhtml1/DTD/xhtml1-transitional.dtd">
<html xmlns="http://www.w3.org/1999/xhtml" xml:lang="en" lang="en">
 <head>
  <title>
</title>
<meta http-equiv="Content-Type" content="text/html;charset=utf-8" />
  <meta name='ocr-system' content='tesseract 3.04.00' />
  <meta name='ocr-capabilities' content='ocr_page ocr_carea ocr_par ocr_line ocrx_word'/>
</head>
<body>
  <div class='ocr_page' id='page_1' title='image "./saturaeeditorumi00juveuoft_0106.png"; bbox 0 0 1947 3145; ppageno 0'>
   <div class='ocr_carea' id='block_1_1' title="bbox 244 112 1169 158">
    <p class='ocr_par' dir='ltr' id='par_1_1' title="bbox 244 112 1169 158">
     <span class='ocr_line' id='line_1_1' title="bbox 244 112 1169 158; baseline -0.005 -1"><span class='ocrx_word' id='word_1_1' title='bbox 244 117 303 158; x_wconf 84' lang='lat'>64</span> <span class='ocrx_word' id='word_1_2' title='bbox 842 112 1169 155; x_wconf 86' lang='lat' dir='ltr'>IVVENALIS</span> 
     </span>
    </p>
   </div>
   <div class='ocr_carea' id='block_1_2' title="bbox 258 229 1566 2161">
    <p class='ocr_par' dir='ltr' id='par_1_2' title="bbox 258 229 1566 2161">
     <span class='ocr_line' id='line_1_2' title="bbox 366 229 1428 292; baseline -0.005 -18"><span class='ocrx_word' id='word_1_3' title='bbox 366 234 680 292; x_wconf 23' lang='lat' dir='ltr'>‘materiamque</span> <span class='ocrx_word' id='word_1_4' title='bbox 705 232 787 272; x_wconf 87' lang='lat' dir='ltr'>sibi</span> <span class='ocrx_word' id='word_1_5' title='bbox 811 231 930 271; x_wconf 85' lang='lat' dir='ltr'>ducis</span> <span class='ocrx_word' id='word_1_6' title='bbox 954 229 1227 284; x_wconf 73' lang='lat' dir='ltr'>indulgentia</span> <span class='ocrx_word' id='word_1_7' title='bbox 1252 229 1428 283; x_wconf 86' lang='lat' dir='ltr'>quaerit.</span> 
     </span>
     <span class='ocr_line' id='line_1_3' title="bbox 372 304 1521 362; baseline -0.005 -13"><span class='ocrx_word' id='word_1_8' title='bbox 372 309 408 349; x_wconf 92' lang='lat' dir='ltr'>si</span> <span class='ocrx_word' id='word_1_9' title='bbox 433 322 516 362; x_wconf 85' lang='lat' dir='ltr'>qua</span> <span class='ocrx_word' id='word_1_10' title='bbox 541 307 714 348; x_wconf 78' lang='lat' dir='ltr'>aliunde</span> <span class='ocrx_word' id='word_1_11' title='bbox 738 309 866 360; x_wconf 90' lang='lat' dir='ltr'>putas</span> <span class='ocrx_word' id='word_1_12' title='bbox 890 318 1032 344; x_wconf 87' lang='lat' dir='ltr'>rerum</span> <span class='ocrx_word' id='word_1_13' title='bbox 1057 304 1320 357; x_wconf 87' lang='lat' dir='ltr'>expectanda</span> <span class='ocrx_word' id='word_1_14' title='bbox 1346 308 1521 344; x_wconf 87' lang='lat' dir='ltr'>tuarum</span> 
     </span>
     <span class='ocr_line' id='line_1_4' title="bbox 371 378 1523 437; baseline -0.005 -13"><span class='ocrx_word' id='word_1_15' title='bbox 371 383 582 437; x_wconf 87' lang='lat' dir='ltr'>praesidia</span> <span class='ocrx_word' id='word_1_16' title='bbox 607 386 735 435; x_wconf 87' lang='lat' dir='ltr'>atque</span> <span class='ocrx_word' id='word_1_17' title='bbox 759 380 852 420; x_wconf 90' lang='lat' dir='ltr'>ideo</span> <span class='ocrx_word' id='word_1_18' title='bbox 876 392 1044 420; x_wconf 88' lang='lat' dir='ltr'>croceae</span> <span class='ocrx_word' id='word_1_19' title='bbox 1068 379 1316 419; x_wconf 86' lang='lat' dir='ltr'>membrana</span> <span class='ocrx_word' id='word_1_20' title='bbox 1342 378 1523 419; x_wconf 86' lang='lat' dir='ltr'>tabellae</span> 
     </span>
     <span class='ocr_line' id='line_1_5' title="bbox 371 453 1506 512; baseline -0.004 -14"><span class='ocrx_word' id='word_1_21' title='bbox 371 457 588 512; x_wconf 86' lang='lat' dir='ltr'>impletur,</span> <span class='ocrx_word' id='word_1_22' title='bbox 613 457 829 510; x_wconf 86' lang='lat' dir='ltr'>lignorum</span> <span class='ocrx_word' id='word_1_23' title='bbox 856 453 1021 508; x_wconf 81' lang='lat' dir='ltr'>aliquid</span> <span class='ocrx_word' id='word_1_24' title='bbox 1045 467 1166 508; x_wconf 87' lang='lat' dir='ltr'>posce</span> <span class='ocrx_word' id='word_1_25' title='bbox 1191 454 1306 494; x_wconf 90' lang='lat' dir='ltr'>ocius</span> <span class='ocrx_word' id='word_1_26' title='bbox 1331 458 1374 494; x_wconf 90' lang='lat' dir='ltr'>et</span> <span class='ocrx_word' id='word_1_27' title='bbox 1399 467 1506 507; x_wconf 87' lang='lat' dir='ltr'>quae</span> 
     </span>
     <span class='ocr_line' id='line_1_6' title="bbox 258 529 1361 586; baseline -0.005 -12"><span class='ocrx_word' id='word_1_28' title='bbox 258 544 297 574; x_wconf 87' lang='lat'>25</span> <span class='ocrx_word' id='word_1_29' title='bbox 369 532 588 586; x_wconf 88' lang='lat' dir='ltr'>componis</span> <span class='ocrx_word' id='word_1_30' title='bbox 613 531 724 571; x_wconf 89' lang='lat' dir='ltr'>dona</span> <span class='ocrx_word' id='word_1_31' title='bbox 748 530 939 578; x_wconf 86' lang='lat' dir='ltr'>Veneris,</span> <span class='ocrx_word' id='word_1_32' title='bbox 965 529 1169 577; x_wconf 84' lang='lat' dir='ltr'>Telesine,</span> <span class='ocrx_word' id='word_1_33' title='bbox 1193 529 1361 577; x_wconf 91' lang='lat' dir='ltr'>marito,</span> 
     </span>
     <span class='ocr_line' id='line_1_7' title="bbox 372 602 1428 658; baseline -0.005 -10"><span class='ocrx_word' id='word_1_34' title='bbox 372 612 449 648; x_wconf 88' lang='lat' dir='ltr'>aut</span> <span class='ocrx_word' id='word_1_35' title='bbox 473 605 597 647; x_wconf 89' lang='lat' dir='ltr'>clude</span> <span class='ocrx_word' id='word_1_36' title='bbox 622 609 664 645; x_wconf 90' lang='lat' dir='ltr'>et</span> <span class='ocrx_word' id='word_1_37' title='bbox 689 604 851 658; x_wconf 89' lang='lat' dir='ltr'>positos</span> <span class='ocrx_word' id='word_1_38' title='bbox 876 604 993 644; x_wconf 90' lang='lat' dir='ltr'>tinea</span> <span class='ocrx_word' id='word_1_39' title='bbox 1017 603 1227 657; x_wconf 88' lang='lat' dir='ltr'>pertunde</span> <span class='ocrx_word' id='word_1_40' title='bbox 1252 602 1428 643; x_wconf 85' lang='lat' dir='ltr'>libellos.</span> 
     </span>
     <span class='ocr_line' id='line_1_8' title="bbox 370 677 1498 735; baseline -0.004 -13"><span class='ocrx_word' id='word_1_41' title='bbox 370 683 518 735; x_wconf 78' lang='lat' dir='ltr'>frange</span> <span class='ocrx_word' id='word_1_42' title='bbox 544 680 672 720; x_wconf 87' lang='lat' dir='ltr'>miser</span> <span class='ocrx_word' id='word_1_43' title='bbox 696 679 905 720; x_wconf 88' lang='lat' dir='ltr'>calamum</span> <span class='ocrx_word' id='word_1_44' title='bbox 930 678 1197 733; x_wconf 86' lang='lat' dir='ltr'>uigilataque</span> <span class='ocrx_word' id='word_1_45' title='bbox 1221 678 1381 732; x_wconf 88' lang='lat' dir='ltr'>proelia</span> <span class='ocrx_word' id='word_1_46' title='bbox 1406 677 1498 717; x_wconf 88' lang='lat' dir='ltr'>dele</span> 
     </span>
     <span class='ocr_line' id='line_1_9' title="bbox 369 752 1375 811; baseline -0.005 -14"><span class='ocrx_word' id='word_1_47' title='bbox 369 757 445 811; x_wconf 85' lang='lat' dir='ltr'>qui</span> <span class='ocrx_word' id='word_1_48' title='bbox 470 755 574 796; x_wconf 87' lang='lat' dir='ltr'>facis</span> <span class='ocrx_word' id='word_1_49' title='bbox 599 754 645 794; x_wconf 90' lang='lat' dir='ltr'>in</span> <span class='ocrx_word' id='word_1_50' title='bbox 671 767 804 808; x_wconf 87' lang='lat' dir='ltr'>parua</span> <span class='ocrx_word' id='word_1_51' title='bbox 829 753 1030 794; x_wconf 88' lang='lat' dir='ltr'>sublimia</span> <span class='ocrx_word' id='word_1_52' title='bbox 1054 753 1245 793; x_wconf 88' lang='lat' dir='ltr'>carmina</span> <span class='ocrx_word' id='word_1_53' title='bbox 1270 752 1375 794; x_wconf 89' lang='lat' dir='ltr'>cella</span> 
     </span>
     <span class='ocr_line' id='line_1_10' title="bbox 366 828 1418 885; baseline -0.005 -13"><span class='ocrx_word' id='word_1_54' title='bbox 366 835 416 872; x_wconf 93' lang='lat' dir='ltr'>ut</span> <span class='ocrx_word' id='word_1_55' title='bbox 441 830 598 885; x_wconf 87' lang='lat' dir='ltr'>dignus</span> <span class='ocrx_word' id='word_1_56' title='bbox 622 829 771 869; x_wconf 87' lang='lat' dir='ltr'>uenias</span> <span class='ocrx_word' id='word_1_57' title='bbox 796 828 963 868; x_wconf 87' lang='lat' dir='ltr'>hederis</span> <span class='ocrx_word' id='word_1_58' title='bbox 987 832 1030 868; x_wconf 93' lang='lat' dir='ltr'>et</span> <span class='ocrx_word' id='word_1_59' title='bbox 1056 828 1242 881; x_wconf 80' lang='lat' dir='ltr'>imagine</span> <span class='ocrx_word' id='word_1_60' title='bbox 1267 841 1418 868; x_wconf 89' lang='lat' dir='ltr'>macra.</span> 
     </span>
     <span class='ocr_line' id='line_1_11' title="bbox 259 902 1463 960; baseline -0.005 -11"><span class='ocrx_word' id='word_1_61' title='bbox 259 919 300 950; x_wconf 88' lang='lat'>30</span> <span class='ocrx_word' id='word_1_62' title='bbox 371 919 464 960; x_wconf 84' lang='lat' dir='ltr'>spes</span> <span class='ocrx_word' id='word_1_63' title='bbox 489 905 611 945; x_wconf 92' lang='lat' dir='ltr'>nulla</span> <span class='ocrx_word' id='word_1_64' title='bbox 636 904 814 944; x_wconf 88' lang='lat' dir='ltr'>ulterior</span> <span class='ocrx_word' id='word_1_65' title='bbox 834 919 842 944; x_wconf 78' lang='lat' dir='ltr'>z</span> <span class='ocrx_word' id='word_1_66' title='bbox 878 903 1030 943; x_wconf 87' lang='lat' dir='ltr'>didicit</span> <span class='ocrx_word' id='word_1_67' title='bbox 1054 903 1140 942; x_wconf 86' lang='lat' dir='ltr'>iam</span> <span class='ocrx_word' id='word_1_68' title='bbox 1165 902 1285 942; x_wconf 88' lang='lat' dir='ltr'>diues</span> <span class='ocrx_word' id='word_1_69' title='bbox 1309 915 1463 943; x_wconf 82' lang='lat' dir='ltr'>auarus</span> 
     </span>
     <span class='ocr_line' id='line_1_12' title="bbox 371 977 1404 1027; baseline -0.005 -6"><span class='ocrx_word' id='word_1_70' title='bbox 371 985 544 1022; x_wconf 85' lang='lat' dir='ltr'>tantum</span> <span class='ocrx_word' id='word_1_71' title='bbox 569 979 787 1027; x_wconf 88' lang='lat' dir='ltr'>admirari,</span> <span class='ocrx_word' id='word_1_72' title='bbox 812 982 987 1019; x_wconf 87' lang='lat' dir='ltr'>tantum</span> <span class='ocrx_word' id='word_1_73' title='bbox 1012 977 1187 1017; x_wconf 83' lang='lat' dir='ltr'>laudare</span> <span class='ocrx_word' id='word_1_74' title='bbox 1212 977 1404 1025; x_wconf 87' lang='lat' dir='ltr'>disertos,</span> 
     </span>
     <span class='ocr_line' id='line_1_13' title="bbox 370 1052 1392 1109; baseline -0.006 -11"><span class='ocrx_word' id='word_1_75' title='bbox 370 1062 420 1098; x_wconf 91' lang='lat' dir='ltr'>ut</span> <span class='ocrx_word' id='word_1_76' title='bbox 444 1055 566 1109; x_wconf 89' lang='lat' dir='ltr'>pueri</span> <span class='ocrx_word' id='word_1_77' title='bbox 592 1054 773 1094; x_wconf 86' lang='lat' dir='ltr'>Iunonis</span> <span class='ocrx_word' id='word_1_78' title='bbox 799 1066 934 1094; x_wconf 87' lang='lat' dir='ltr'>auem.</span> <span class='ocrx_word' id='word_1_79' title='bbox 1004 1052 1077 1093; x_wconf 89' lang='lat' dir='ltr'>sed</span> <span class='ocrx_word' id='word_1_80' title='bbox 1103 1052 1252 1092; x_wconf 85' lang='lat' dir='ltr'>defluit</span> <span class='ocrx_word' id='word_1_81' title='bbox 1276 1056 1392 1092; x_wconf 85' lang='lat' dir='ltr'>aetas</span> 
     </span>
     <span class='ocr_line' id='line_1_14' title="bbox 370 1127 1384 1185; baseline -0.005 -14"><span class='ocrx_word' id='word_1_82' title='bbox 370 1137 413 1172; x_wconf 91' lang='lat' dir='ltr'>et</span> <span class='ocrx_word' id='word_1_83' title='bbox 436 1130 577 1185; x_wconf 78' lang='lat' dir='ltr'>pelagi</span> <span class='ocrx_word' id='word_1_84' title='bbox 600 1129 769 1183; x_wconf 89' lang='lat' dir='ltr'>patiens</span> <span class='ocrx_word' id='word_1_85' title='bbox 793 1133 836 1169; x_wconf 90' lang='lat' dir='ltr'>et</span> <span class='ocrx_word' id='word_1_86' title='bbox 861 1128 1038 1169; x_wconf 86' lang='lat' dir='ltr'>cassidis</span> <span class='ocrx_word' id='word_1_87' title='bbox 1061 1132 1190 1181; x_wconf 90' lang='lat' dir='ltr'>atque</span> <span class='ocrx_word' id='word_1_88' title='bbox 1216 1127 1384 1181; x_wconf 85' lang='lat' dir='ltr'>ligonis.</span> 
     </span>
     <span class='ocr_line' id='line_1_15' title="bbox 371 1204 1566 1255; baseline -0.006 -7"><span class='ocrx_word' id='word_1_89' title='bbox 371 1206 512 1248; x_wconf 88' lang='lat' dir='ltr'>taedia</span> <span class='ocrx_word' id='word_1_90' title='bbox 538 1209 642 1245; x_wconf 89' lang='lat' dir='ltr'>tunc</span> <span class='ocrx_word' id='word_1_91' title='bbox 667 1205 853 1245; x_wconf 86' lang='lat' dir='ltr'>subeunt</span> <span class='ocrx_word' id='word_1_92' title='bbox 877 1204 1054 1251; x_wconf 88' lang='lat' dir='ltr'>animos,</span> <span class='ocrx_word' id='word_1_93' title='bbox 1080 1207 1185 1243; x_wconf 91' lang='lat' dir='ltr'>tunc</span> <span class='ocrx_word' id='word_1_94' title='bbox 1210 1215 1334 1255; x_wconf 85' lang='lat' dir='ltr'>seque</span> <span class='ocrx_word' id='word_1_95' title='bbox 1361 1214 1566 1255; x_wconf 89' lang='lat' dir='ltr'>suamque</span> 
     </span>
     <span class='ocr_line' id='line_1_16' title="bbox 259 1277 1435 1335; baseline -0.006 -11"><span class='ocrx_word' id='word_1_96' title='bbox 259 1294 299 1324; x_wconf 86' lang='lat'>35</span> <span class='ocrx_word' id='word_1_97' title='bbox 371 1281 676 1335; x_wconf 80' lang='lat' dir='ltr'>Terpsichoren</span> <span class='ocrx_word' id='word_1_98' title='bbox 700 1279 792 1320; x_wconf 93' lang='lat' dir='ltr'>odit</span> <span class='ocrx_word' id='word_1_99' title='bbox 817 1278 998 1319; x_wconf 86' lang='lat' dir='ltr'>facunda</span> <span class='ocrx_word' id='word_1_100' title='bbox 1023 1283 1066 1319; x_wconf 87' lang='lat' dir='ltr'>et</span> <span class='ocrx_word' id='word_1_101' title='bbox 1092 1277 1208 1318; x_wconf 88' lang='lat' dir='ltr'>nuda</span> <span class='ocrx_word' id='word_1_102' title='bbox 1232 1281 1435 1318; x_wconf 87' lang='lat' dir='ltr'>senectus.</span> 
     </span>
     <span class='ocr_line' id='line_1_17' title="bbox 437 1352 1543 1410; baseline -0.005 -13"><span class='ocrx_word' id='word_1_103' title='bbox 437 1357 579 1410; x_wconf 87' lang='lat' dir='ltr'>accipe</span> <span class='ocrx_word' id='word_1_104' title='bbox 603 1369 719 1395; x_wconf 88' lang='lat' dir='ltr'>nunc</span> <span class='ocrx_word' id='word_1_105' title='bbox 743 1358 866 1395; x_wconf 89' lang='lat' dir='ltr'>artes.</span> <span class='ocrx_word' id='word_1_106' title='bbox 937 1367 988 1394; x_wconf 88' lang='lat' dir='ltr'>ne</span> <span class='ocrx_word' id='word_1_107' title='bbox 1015 1353 1119 1408; x_wconf 88' lang='lat' dir='ltr'>quid</span> <span class='ocrx_word' id='word_1_108' title='bbox 1143 1353 1225 1393; x_wconf 86' lang='lat' dir='ltr'>tibi</span> <span class='ocrx_word' id='word_1_109' title='bbox 1249 1352 1438 1393; x_wconf 87' lang='lat' dir='ltr'>conferat</span> <span class='ocrx_word' id='word_1_110' title='bbox 1463 1352 1543 1393; x_wconf 90' lang='lat' dir='ltr'>iste</span> 
     </span>
     <span class='ocr_line' id='line_1_18' title="bbox 372 1426 1552 1486; baseline -0.004 -14"><span class='ocrx_word' id='word_1_111' title='bbox 372 1445 497 1486; x_wconf 87' lang='lat' dir='ltr'>quem</span> <span class='ocrx_word' id='word_1_112' title='bbox 522 1430 626 1471; x_wconf 87' lang='lat' dir='ltr'>colis</span> <span class='ocrx_word' id='word_1_113' title='bbox 650 1434 692 1470; x_wconf 93' lang='lat' dir='ltr'>et</span> <span class='ocrx_word' id='word_1_114' title='bbox 716 1430 942 1470; x_wconf 81' lang='lat' dir='ltr'>Musarum</span> <span class='ocrx_word' id='word_1_115' title='bbox 966 1434 1009 1469; x_wconf 92' lang='lat' dir='ltr'>et</span> <span class='ocrx_word' id='word_1_116' title='bbox 1033 1428 1254 1482; x_wconf 79' lang='lat' dir='ltr'>Apollinis</span> <span class='ocrx_word' id='word_1_117' title='bbox 1278 1427 1379 1468; x_wconf 89' lang='lat' dir='ltr'>aede</span> <span class='ocrx_word' id='word_1_118' title='bbox 1403 1426 1552 1468; x_wconf 88' lang='lat' dir='ltr'>relicta</span> 
     </span>
     <span class='ocr_line' id='line_1_19' title="bbox 371 1502 1364 1560; baseline -0.005 -14"><span class='ocrx_word' id='word_1_119' title='bbox 371 1507 460 1560; x_wconf 86' lang='lat' dir='ltr'>ipse</span> <span class='ocrx_word' id='word_1_120' title='bbox 485 1505 588 1545; x_wconf 84' lang='lat' dir='ltr'>facit</span> <span class='ocrx_word' id='word_1_121' title='bbox 612 1517 757 1544; x_wconf 85' lang='lat' dir='ltr'>uersus</span> <span class='ocrx_word' id='word_1_122' title='bbox 781 1508 910 1557; x_wconf 83' lang='lat' dir='ltr'>atque</span> <span class='ocrx_word' id='word_1_123' title='bbox 935 1502 1012 1542; x_wconf 88' lang='lat' dir='ltr'>uni</span> <span class='ocrx_word' id='word_1_124' title='bbox 1036 1502 1149 1543; x_wconf 88' lang='lat' dir='ltr'>cedit</span> <span class='ocrx_word' id='word_1_125' title='bbox 1175 1502 1364 1542; x_wconf 84' lang='lat' dir='ltr'>Homero</span> 
     </span>
     <span class='ocr_line' id='line_1_20' title="bbox 371 1577 1396 1635; baseline -0.005 -14"><span class='ocrx_word' id='word_1_126' title='bbox 371 1585 544 1635; x_wconf 89' lang='lat' dir='ltr'>propter</span> <span class='ocrx_word' id='word_1_127' title='bbox 568 1579 687 1619; x_wconf 87' lang='lat' dir='ltr'>mille</span> <span class='ocrx_word' id='word_1_128' title='bbox 711 1592 856 1627; x_wconf 86' lang='lat' dir='ltr'>annos,</span> <span class='ocrx_word' id='word_1_129' title='bbox 881 1582 924 1618; x_wconf 92' lang='lat' dir='ltr'>et</span> <span class='ocrx_word' id='word_1_130' title='bbox 949 1578 985 1618; x_wconf 91' lang='lat' dir='ltr'>si</span> <span class='ocrx_word' id='word_1_131' title='bbox 1010 1577 1234 1617; x_wconf 80' lang='lat' dir='ltr'>dulcedine</span> <span class='ocrx_word' id='word_1_132' title='bbox 1259 1577 1396 1617; x_wconf 86' lang='lat' dir='ltr'>famae</span> 
     </span>
     <span class='ocr_line' id='line_1_21' title="bbox 261 1652 1487 1699; baseline -0.005 0"><span class='ocrx_word' id='word_1_133' title='bbox 261 1669 301 1699; x_wconf 83' lang='lat'>40</span> <span class='ocrx_word' id='word_1_134' title='bbox 372 1670 597 1698; x_wconf 87' lang='lat' dir='ltr'>succensus</span> <span class='ocrx_word' id='word_1_135' title='bbox 622 1655 773 1695; x_wconf 89' lang='lat' dir='ltr'>recites</span> <span class='ocrx_word' id='word_1_136' title='bbox 798 1654 1062 1694; x_wconf 84' lang='lat' dir='ltr'>maculonsas</span> <span class='ocrx_word' id='word_1_137' title='bbox 1086 1652 1329 1694; x_wconf 86' lang='lat' dir='ltr'>commodat</span> <span class='ocrx_word' id='word_1_138' title='bbox 1355 1653 1487 1694; x_wconf 85' lang='lat' dir='ltr'>aedes.</span> 
     </span>
     <span class='ocr_line' id='line_1_22' title="bbox 375 1729 1368 1785; baseline -0.005 -12"><span class='ocrx_word' id='word_1_139' title='bbox 375 1734 478 1773; x_wconf 89' lang='lat' dir='ltr'>haec</span> <span class='ocrx_word' id='word_1_140' title='bbox 501 1731 626 1785; x_wconf 87' lang='lat' dir='ltr'>longe</span> <span class='ocrx_word' id='word_1_141' title='bbox 652 1730 810 1771; x_wconf 87' lang='lat' dir='ltr'>ferrata</span> <span class='ocrx_word' id='word_1_142' title='bbox 833 1729 984 1770; x_wconf 85' lang='lat' dir='ltr'>domus</span> <span class='ocrx_word' id='word_1_143' title='bbox 1009 1729 1167 1769; x_wconf 86' lang='lat' dir='ltr'>seruire</span> <span class='ocrx_word' id='word_1_144' title='bbox 1192 1729 1368 1769; x_wconf 87' lang='lat' dir='ltr'>iubetur</span> 
     </span>
     <span class='ocr_line' id='line_1_23' title="bbox 375 1804 1312 1860; baseline -0.003 -13"><span class='ocrx_word' id='word_1_145' title='bbox 375 1809 421 1848; x_wconf 89' lang='lat' dir='ltr'>in</span> <span class='ocrx_word' id='word_1_146' title='bbox 446 1820 530 1860; x_wconf 88' lang='lat' dir='ltr'>qua</span> <span class='ocrx_word' id='word_1_147' title='bbox 555 1805 758 1846; x_wconf 86' lang='lat' dir='ltr'>sollicitas</span> <span class='ocrx_word' id='word_1_148' title='bbox 783 1805 982 1845; x_wconf 87' lang='lat' dir='ltr'>imitatur</span> <span class='ocrx_word' id='word_1_149' title='bbox 1005 1804 1134 1844; x_wconf 90' lang='lat' dir='ltr'>ianua</span> <span class='ocrx_word' id='word_1_150' title='bbox 1158 1808 1312 1857; x_wconf 86' lang='lat' dir='ltr'>portas.</span> 
     </span>
     <span class='ocr_line' id='line_1_24' title="bbox 375 1878 1428 1932; baseline -0.004 -9"><span class='ocrx_word' id='word_1_151' title='bbox 375 1882 455 1923; x_wconf 88' lang='lat' dir='ltr'>scit</span> <span class='ocrx_word' id='word_1_152' title='bbox 480 1881 579 1921; x_wconf 87' lang='lat' dir='ltr'>dare</span> <span class='ocrx_word' id='word_1_153' title='bbox 603 1880 778 1921; x_wconf 81' lang='lat' dir='ltr'>libertos</span> <span class='ocrx_word' id='word_1_154' title='bbox 803 1883 995 1920; x_wconf 82' lang='lat' dir='ltr'>extrema</span> <span class='ocrx_word' id='word_1_155' title='bbox 1020 1879 1067 1918; x_wconf 88' lang='lat' dir='ltr'>in</span> <span class='ocrx_word' id='word_1_156' title='bbox 1090 1884 1212 1932; x_wconf 89' lang='lat' dir='ltr'>parte</span> <span class='ocrx_word' id='word_1_157' title='bbox 1238 1878 1428 1919; x_wconf 85' lang='lat' dir='ltr'>sedentis</span> 
     </span>
     <span class='ocr_line' id='line_1_25' title="bbox 376 1954 1442 2009; baseline -0.005 -11"><span class='ocrx_word' id='word_1_158' title='bbox 376 1956 539 1999; x_wconf 82' lang='lat' dir='ltr'>ordinis</span> <span class='ocrx_word' id='word_1_159' title='bbox 563 1960 606 1996; x_wconf 89' lang='lat' dir='ltr'>et</span> <span class='ocrx_word' id='word_1_160' title='bbox 631 1968 807 2009; x_wconf 87' lang='lat' dir='ltr'>magnas</span> <span class='ocrx_word' id='word_1_161' title='bbox 831 1955 1039 1995; x_wconf 87' lang='lat' dir='ltr'>comitum</span> <span class='ocrx_word' id='word_1_162' title='bbox 1063 1954 1281 2008; x_wconf 82' lang='lat' dir='ltr'>disponere</span> <span class='ocrx_word' id='word_1_163' title='bbox 1306 1967 1442 2002; x_wconf 89' lang='lat' dir='ltr'>uoces,</span> 
     </span>
     <span class='ocr_line' id='line_1_26' title="bbox 264 2029 1449 2085; baseline -0.005 -10"><span class='ocrx_word' id='word_1_164' title='bbox 264 2045 304 2075; x_wconf 83' lang='lat'>45</span> <span class='ocrx_word' id='word_1_165' title='bbox 376 2046 498 2074; x_wconf 86' lang='lat' dir='ltr'>nemo</span> <span class='ocrx_word' id='word_1_166' title='bbox 523 2031 647 2071; x_wconf 89' lang='lat' dir='ltr'>dabit</span> <span class='ocrx_word' id='word_1_167' title='bbox 671 2044 819 2085; x_wconf 90' lang='lat' dir='ltr'>regum</span> <span class='ocrx_word' id='word_1_168' title='bbox 845 2030 998 2084; x_wconf 90' lang='lat' dir='ltr'>quanti</span> <span class='ocrx_word' id='word_1_169' title='bbox 1023 2029 1225 2070; x_wconf 86' lang='lat' dir='ltr'>subsellia</span> <span class='ocrx_word' id='word_1_170' title='bbox 1249 2033 1449 2069; x_wconf 87' lang='lat' dir='ltr'>constant</span> 
     </span>
     <span class='ocr_line' id='line_1_27' title="bbox 376 2103 1424 2161; baseline -0.005 -12"><span class='ocrx_word' id='word_1_171' title='bbox 376 2112 420 2149; x_wconf 85' lang='lat' dir='ltr'>et</span> <span class='ocrx_word' id='word_1_172' title='bbox 445 2120 551 2161; x_wconf 88' lang='lat' dir='ltr'>quae</span> <span class='ocrx_word' id='word_1_173' title='bbox 576 2106 784 2147; x_wconf 88' lang='lat' dir='ltr'>conducto</span> <span class='ocrx_word' id='word_1_174' title='bbox 807 2105 997 2159; x_wconf 87' lang='lat' dir='ltr'>pendent</span> <span class='ocrx_word' id='word_1_175' title='bbox 1020 2104 1258 2145; x_wconf 86' lang='lat' dir='ltr'>anabathra</span> <span class='ocrx_word' id='word_1_176' title='bbox 1283 2103 1424 2158; x_wconf 86' lang='lat' dir='ltr'>tigillo</span> 
     </span>
    </p>
   </div>
   <div class='ocr_carea' id='block_1_3' title="bbox 241 2200 1779 2910">
    <p class='ocr_par' dir='ltr' id='par_1_3' title="bbox 241 2200 1779 2499">
     <span class='ocr_line' id='line_1_28' title="bbox 307 2200 1779 2243; baseline -0.003 -7"><span class='ocrx_word' id='word_1_177' title='bbox 307 2208 348 2236; x_wconf 87' lang='lat'>22</span> <span class='ocrx_word' id='word_1_178' title='bbox 372 2203 592 2243; x_wconf 84' lang='lat' dir='ltr'>expectanda.</span> <span class='ocrx_word' id='word_1_179' title='bbox 608 2200 655 2240; x_wconf 99' lang='grc' dir='ltr'>Ψ,</span> <span class='ocrx_word' id='word_1_180' title='bbox 677 2202 871 2241; x_wconf 80' lang='lat' dir='ltr'>spectanda.</span> <span class='ocrx_word' id='word_1_181' title='bbox 892 2202 918 2233; x_wconf 89' lang='lat' dir='ltr'>P</span> <span class='ocrx_word' id='word_1_182' title='bbox 939 2200 1064 2242; x_wconf 88' lang='lat' dir='ltr'>aliique</span> <span class='ocrx_word' id='word_1_183' title='bbox 1086 2200 1157 2231; x_wconf 80' lang='lat' dir='ltr'>sine</span> <span class='ocrx_word' id='word_1_184' title='bbox 1179 2210 1287 2239; x_wconf 80' lang='lat' dir='ltr'>sensu,</span> <span class='ocrx_word' id='word_1_185' title='bbox 1309 2201 1511 2240; x_wconf 85' lang='lat' dir='ltr'>experanda</span> <span class='ocrx_word' id='word_1_186' title='bbox 1530 2200 1634 2232; x_wconf 89' lang='lat' dir='ltr'>Burn.</span> <span class='ocrx_word' id='word_1_187' title='bbox 1656 2202 1727 2240; x_wconf 86' lang='lat'>192,</span> <span class='ocrx_word' id='word_1_188' title='bbox 1748 2203 1779 2232; x_wconf 63' lang='lat' dir='ltr'>st·</span> 
     </span>
     <span class='ocr_line' id='line_1_29' title="bbox 241 2251 1778 2294; baseline -0.003 -6"><span class='ocrx_word' id='word_1_189' title='bbox 241 2256 382 2289; x_wconf 71' lang='lat' dir='ltr'>aliunde</span> <span class='ocrx_word' id='word_1_190' title='bbox 403 2255 509 2294; x_wconf 66' lang='grc' dir='ltr'>πατρίς</span> <span class='ocrx_word' id='word_1_191' title='bbox 527 2254 737 2294; x_wconf 75' lang='lat' dir='ltr'>praesidium</span> <span class='ocrx_word' id='word_1_192' title='bbox 757 2263 868 2293; x_wconf 79' lang='lat' dir='ltr'>speras</span> <span class='ocrx_word' id='word_1_193' title='bbox 891 2251 929 2291; x_wconf 90' lang='grc' dir='ltr'>Σ,</span> <span class='ocrx_word' id='word_1_194' title='bbox 950 2251 1039 2283; x_wconf 85' lang='lat' dir='ltr'>unde</span> <span class='ocrx_word' id='word_1_195' title='bbox 1055 2251 1181 2282; x_wconf 81' lang='lat' dir='ltr'>conieci</span> <span class='ocrx_word' id='word_1_196' title='bbox 1202 2253 1386 2291; x_wconf 81' lang='lat' dir='ltr'>speranda,</span> <span class='ocrx_word' id='word_1_197' title='bbox 1404 2261 1484 2283; x_wconf 85' lang='lat' dir='ltr'>nam</span> <span class='ocrx_word' id='word_1_198' title='bbox 1507 2262 1598 2292; x_wconf 78' lang='lat' dir='ltr'>spero</span> <span class='ocrx_word' id='word_1_199' title='bbox 1620 2252 1656 2283; x_wconf 89' lang='lat' dir='ltr'>in</span> <span class='ocrx_word' id='word_1_200' title='bbox 1679 2256 1778 2293; x_wconf 77' lang='lat' dir='ltr'>specto</span> 
     </span>
     <span class='ocr_line' id='line_1_30' title="bbox 242 2303 1770 2343; baseline -0.003 -4"><span class='ocrx_word' id='word_1_201' title='bbox 242 2307 372 2339; x_wconf 84' lang='lat' dir='ltr'>librarii</span> <span class='ocrx_word' id='word_1_202' title='bbox 396 2309 573 2337; x_wconf 81' lang='lat' dir='ltr'>mutarunt</span> <span class='ocrx_word' id='word_1_203' title='bbox 597 2314 609 2336; x_wconf 88' lang='grc' dir='ltr'>Ι</span> <span class='ocrx_word' id='word_1_204' title='bbox 634 2306 686 2343; x_wconf 85' lang='grc'>58,</span> <span class='ocrx_word' id='word_1_205' title='bbox 706 2304 805 2336; x_wconf 84' lang='lat' dir='ltr'>Ouid.</span> <span class='ocrx_word' id='word_1_206' title='bbox 827 2307 905 2335; x_wconf 80' lang='lat' dir='ltr'>met.</span> <span class='ocrx_word' id='word_1_207' title='bbox 927 2313 951 2335; x_wconf 82' lang='lat' dir='ltr'><strong>x</strong></span> <span class='ocrx_word' id='word_1_208' title='bbox 968 2304 1040 2342; x_wconf 78' lang='lat'>345,</span> <span class='ocrx_word' id='word_1_209' title='bbox 1062 2303 1151 2335; x_wconf 85' lang='lat' dir='ltr'>trist.</span> <span class='ocrx_word' id='word_1_210' title='bbox 1173 2311 1201 2334; x_wconf 91' lang='lat'>11</span> <span class='ocrx_word' id='word_1_211' title='bbox 1227 2304 1297 2341; x_wconf 78' lang='lat'>145,</span> <span class='ocrx_word' id='word_1_212' title='bbox 1323 2304 1409 2335; x_wconf 76' lang='lat' dir='ltr'>Stat.</span> <span class='ocrx_word' id='word_1_213' title='bbox 1430 2304 1512 2335; x_wconf 84' lang='lat' dir='ltr'>Aeh.</span> <span class='ocrx_word' id='word_1_214' title='bbox 1536 2312 1564 2335; x_wconf 85' lang='lat'>11</span> <span class='ocrx_word' id='word_1_215' title='bbox 1582 2305 1653 2343; x_wconf 86' lang='lat'>269,</span> <span class='ocrx_word' id='word_1_216' title='bbox 1672 2304 1770 2335; x_wconf 84' lang='lat' dir='ltr'>Mart.</span> 
     </span>
     <span class='ocr_line' id='line_1_31' title="bbox 242 2355 1777 2401; baseline -0.003 -11"><span class='ocrx_word' id='word_1_217' title='bbox 242 2361 345 2401; x_wconf 83' lang='lat' dir='ltr'>spect.</span> <span class='ocrx_word' id='word_1_218' title='bbox 367 2360 408 2389; x_wconf 86' lang='lat'>22</span> <span class='ocrx_word' id='word_1_219' title='bbox 426 2359 453 2396; x_wconf 88' lang='lat'>3,</span> <span class='ocrx_word' id='word_1_220' title='bbox 476 2356 592 2389; x_wconf 85' lang='lat' dir='ltr'>Claud.</span> <span class='ocrx_word' id='word_1_221' title='bbox 610 2358 696 2397; x_wconf 84' lang='lat' dir='ltr'>rapt.</span> <span class='ocrx_word' id='word_1_222' title='bbox 714 2356 803 2387; x_wconf 88' lang='lat' dir='ltr'>Pros.</span> <span class='ocrx_word' id='word_1_223' title='bbox 823 2364 834 2386; x_wconf 90' lang='lat'>1</span> <span class='ocrx_word' id='word_1_224' title='bbox 852 2357 924 2394; x_wconf 85' lang='lat'>288,</span> <span class='ocrx_word' id='word_1_225' title='bbox 945 2358 1043 2396; x_wconf 77' lang='lat' dir='ltr'>specto</span> <span class='ocrx_word' id='word_1_226' title='bbox 1060 2355 1095 2385; x_wconf 90' lang='lat' dir='ltr'>in</span> <span class='ocrx_word' id='word_1_227' title='bbox 1113 2357 1233 2395; x_wconf 69' lang='lat' dir='ltr'>expecto</span> <span class='ocrx_word' id='word_1_228' title='bbox 1249 2355 1382 2396; x_wconf 85' lang='lat' dir='ltr'>passim,</span> <span class='ocrx_word' id='word_1_229' title='bbox 1396 2355 1492 2386; x_wconf 86' lang='lat' dir='ltr'>uelut</span> <span class='ocrx_word' id='word_1_230' title='bbox 1509 2364 1548 2386; x_wconf 89' lang='lat' dir='ltr'>1v</span> <span class='ocrx_word' id='word_1_231' title='bbox 1566 2357 1615 2394; x_wconf 85' lang='lat'>64,</span> <span class='ocrx_word' id='word_1_232' title='bbox 1633 2363 1673 2386; x_wconf 83' lang='lat' dir='ltr'>XI</span> <span class='ocrx_word' id='word_1_233' title='bbox 1692 2356 1753 2386; x_wconf 88' lang='grc'>165</span> <span class='ocrx_word' id='word_1_234' title='bbox 1769 2367 1777 2392; x_wconf 87' lang='grc'><strong>;</strong></span> 
     </span>
     <span class='ocr_line' id='line_1_32' title="bbox 243 2406 1776 2449; baseline -0.003 -7"><span class='ocrx_word' id='word_1_235' title='bbox 243 2410 353 2442; x_wconf 84' lang='lat' dir='ltr'>multo</span> <span class='ocrx_word' id='word_1_236' title='bbox 376 2409 482 2440; x_wconf 82' lang='lat' dir='ltr'>rarius</span> <span class='ocrx_word' id='word_1_237' title='bbox 504 2411 626 2448; x_wconf 61' lang='lat' dir='ltr'>erpecto</span> <span class='ocrx_word' id='word_1_238' title='bbox 646 2408 682 2439; x_wconf 89' lang='lat' dir='ltr'>in</span> <span class='ocrx_word' id='word_1_239' title='bbox 705 2411 804 2447; x_wconf 78' lang='lat' dir='ltr'>specto</span> <span class='ocrx_word' id='word_1_240' title='bbox 827 2410 1022 2449; x_wconf 81' lang='lat' dir='ltr'>corruptum</span> <span class='ocrx_word' id='word_1_241' title='bbox 1046 2409 1104 2444; x_wconf 81' lang='lat' dir='ltr'>est,</span> <span class='ocrx_word' id='word_1_242' title='bbox 1129 2406 1186 2438; x_wconf 85' lang='lat' dir='ltr'>sed</span> <span class='ocrx_word' id='word_1_243' title='bbox 1210 2406 1300 2448; x_wconf 81' lang='lat' dir='ltr'>apud</span> <span class='ocrx_word' id='word_1_244' title='bbox 1325 2406 1519 2438; x_wconf 80' lang='lat' dir='ltr'>quenalem</span> <span class='ocrx_word' id='word_1_245' title='bbox 1543 2407 1625 2438; x_wconf 87' lang='lat' dir='ltr'>item</span> <span class='ocrx_word' id='word_1_246' title='bbox 1646 2406 1776 2438; x_wconf 82' lang='lat' dir='ltr'>duobus</span> 
     </span>
     <span class='ocr_line' id='line_1_33' title="bbox 243 2456 1779 2499; baseline -0.003 -5"><span class='ocrx_word' id='word_1_247' title='bbox 243 2461 335 2499; x_wconf 87' lang='lat' dir='ltr'>locis,</span> <span class='ocrx_word' id='word_1_248' title='bbox 354 2469 392 2492; x_wconf 73' lang='lat' dir='ltr'>VI</span> <span class='ocrx_word' id='word_1_249' title='bbox 415 2459 488 2499; x_wconf 82' lang='lat'>274,</span> <span class='ocrx_word' id='word_1_250' title='bbox 510 2459 570 2492; x_wconf 79' lang='lat'>371</span> <span class='ocrx_word' id='word_1_251' title='bbox 661 2463 701 2490; x_wconf 88' lang='grc'>23</span> <span class='ocrx_word' id='word_1_252' title='bbox 726 2463 767 2490; x_wconf 83' lang='lat'>24</span> <span class='ocrx_word' id='word_1_253' title='bbox 791 2467 932 2490; x_wconf 86' lang='lat' dir='ltr'>croceae</span> <span class='ocrx_word' id='word_1_254' title='bbox 956 2482 962 2489; x_wconf 93' lang='lat'><strong>.</strong></span> <span class='ocrx_word' id='word_1_255' title='bbox 989 2482 996 2489; x_wconf 92' lang='lat'><strong>.</strong></span> <span class='ocrx_word' id='word_1_256' title='bbox 1021 2481 1027 2489; x_wconf 93' lang='lat'><strong>.</strong></span> <span class='ocrx_word' id='word_1_257' title='bbox 1052 2459 1222 2498; x_wconf 86' lang='lat' dir='ltr'>impletur</span> <span class='ocrx_word' id='word_1_258' title='bbox 1244 2456 1290 2495; x_wconf 93' lang='grc' dir='ltr'>Ψ,</span> <span class='ocrx_word' id='word_1_259' title='bbox 1309 2467 1429 2490; x_wconf 86' lang='lat' dir='ltr'>crocea</span> <span class='ocrx_word' id='word_1_260' title='bbox 1448 2482 1455 2490; x_wconf 94' lang='lat'><strong><em>.</em></strong></span> <span class='ocrx_word' id='word_1_261' title='bbox 1479 2482 1486 2490; x_wconf 93' lang='lat'><strong>.</strong></span> <span class='ocrx_word' id='word_1_262' title='bbox 1515 2481 1522 2490; x_wconf 91' lang='lat'><strong><em>.</em></strong></span> <span class='ocrx_word' id='word_1_263' title='bbox 1547 2458 1779 2497; x_wconf 75' lang='lat' dir='ltr'>implentur?</span> 
     </span>
    </p>

    <p class='ocr_par' dir='ltr' id='par_1_4' title="bbox 243 2510 1779 2603">
     <span class='ocr_line' id='line_1_34' title="bbox 331 2510 1771 2551; baseline -0.001 -8"><span class='ocrx_word' id='word_1_264' title='bbox 331 2516 372 2544; x_wconf 86' lang='lat'>25</span> <span class='ocrx_word' id='word_1_265' title='bbox 403 2512 580 2551; x_wconf 84' lang='lat' dir='ltr'>componis</span> <span class='ocrx_word' id='word_1_266' title='bbox 611 2511 740 2549; x_wconf 87' lang='lat' dir='ltr'>PAGU,</span> <span class='ocrx_word' id='word_1_267' title='bbox 769 2511 960 2542; x_wconf 84' lang='lat' dir='ltr'>conscribis</span> <span class='ocrx_word' id='word_1_268' title='bbox 991 2511 1085 2548; x_wconf 88' lang='lat' dir='ltr'>LOT,</span> <span class='ocrx_word' id='word_1_269' title='bbox 1113 2511 1317 2542; x_wconf 86' lang='lat' dir='ltr'>consoribus</span> <span class='ocrx_word' id='word_1_270' title='bbox 1348 2511 1373 2541; x_wconf 77' lang='lat' dir='ltr'>F</span> <span class='ocrx_word' id='word_1_271' title='bbox 1460 2513 1500 2542; x_wconf 80' lang='lat'>2⁷</span> <span class='ocrx_word' id='word_1_272' title='bbox 1531 2511 1706 2541; x_wconf 81' lang='lat' dir='ltr'>calamum</span> <span class='ocrx_word' id='word_1_273' title='bbox 1736 2510 1771 2548; x_wconf 89' lang='lat' dir='ltr'>P,</span> 
     </span>
     <span class='ocr_line' id='line_1_35' title="bbox 243 2559 1779 2603; baseline -0.004 -5"><span class='ocrx_word' id='word_1_274' title='bbox 243 2565 399 2598; x_wconf 75' lang='lat' dir='ltr'>calamos</span> <span class='ocrx_word' id='word_1_275' title='bbox 415 2561 461 2601; x_wconf 94' lang='grc' dir='ltr'>Ψ,</span> <span class='ocrx_word' id='word_1_276' title='bbox 482 2561 559 2593; x_wconf 85' lang='lat' dir='ltr'>uide</span> <span class='ocrx_word' id='word_1_277' title='bbox 576 2561 667 2603; x_wconf 86' lang='lat' dir='ltr'>Calp.</span> <span class='ocrx_word' id='word_1_278' title='bbox 683 2562 756 2594; x_wconf 87' lang='lat' dir='ltr'>bue.</span> <span class='ocrx_word' id='word_1_279' title='bbox 775 2571 814 2593; x_wconf 87' lang='lat' dir='ltr'>1v</span> <span class='ocrx_word' id='word_1_280' title='bbox 831 2563 880 2601; x_wconf 85' lang='lat'>23,</span> <span class='ocrx_word' id='word_1_281' title='bbox 900 2561 999 2593; x_wconf 81' lang='lat' dir='ltr'>Mart.</span> <span class='ocrx_word' id='word_1_282' title='bbox 1018 2570 1056 2592; x_wconf 82' lang='lat' dir='ltr'>IX</span> <span class='ocrx_word' id='word_1_283' title='bbox 1075 2562 1114 2594; x_wconf 83' lang='lat'>73</span> <span class='ocrx_word' id='word_1_284' title='bbox 1133 2563 1150 2593; x_wconf 88' lang='grc'>9</span> <span class='ocrx_word' id='word_1_285' title='bbox 1239 2566 1279 2593; x_wconf 89' lang='grc'>36</span> <span class='ocrx_word' id='word_1_286' title='bbox 1297 2566 1337 2594; x_wconf 86' lang='grc'>37</span> <span class='ocrx_word' id='word_1_287' title='bbox 1354 2561 1568 2602; x_wconf 82' lang='lat' dir='ltr'>interpunxit</span> <span class='ocrx_word' id='word_1_288' title='bbox 1584 2559 1779 2602; x_wconf 83' lang='lat' dir='ltr'>Maduigius</span> 
     </span>
    </p>

    <p class='ocr_par' dir='ltr' id='par_1_5' title="bbox 242 2610 1778 2910">
     <span class='ocr_line' id='line_1_36' title="bbox 332 2610 1772 2652; baseline -0.003 -6"><span class='ocrx_word' id='word_1_289' title='bbox 332 2618 372 2647; x_wconf 84' lang='grc'>39</span> <span class='ocrx_word' id='word_1_290' title='bbox 395 2615 431 2646; x_wconf 83' lang='lat' dir='ltr'>et</span> <span class='ocrx_word' id='word_1_291' title='bbox 450 2615 486 2652; x_wconf 88' lang='lat' dir='ltr'>P,</span> <span class='ocrx_word' id='word_1_292' title='bbox 506 2615 545 2644; x_wconf 84' lang='lat' dir='ltr'>at</span> <span class='ocrx_word' id='word_1_293' title='bbox 562 2614 599 2652; x_wconf 87' lang='lat' dir='ltr'>G,</span> <span class='ocrx_word' id='word_1_294' title='bbox 620 2622 661 2644; x_wconf 86' lang='lat' dir='ltr'>ac</span> <span class='ocrx_word' id='word_1_295' title='bbox 677 2615 717 2651; x_wconf 91' lang='lat' dir='ltr'>U,</span> <span class='ocrx_word' id='word_1_296' title='bbox 739 2615 804 2644; x_wconf 85' lang='lat' dir='ltr'>aut</span> <span class='ocrx_word' id='word_1_297' title='bbox 828 2611 873 2652; x_wconf 88' lang='grc' dir='ltr'>Ψ,</span> <span class='ocrx_word' id='word_1_298' title='bbox 895 2616 932 2644; x_wconf 74' lang='lat' dir='ltr'>tw</span> <span class='ocrx_word' id='word_1_299' title='bbox 954 2612 1170 2644; x_wconf 84' lang='lat' dir='ltr'>Hermannus</span> <span class='ocrx_word' id='word_1_300' title='bbox 1257 2617 1298 2644; x_wconf 81' lang='lat'>40</span> <span class='ocrx_word' id='word_1_301' title='bbox 1321 2613 1520 2644; x_wconf 84' lang='lat' dir='ltr'>maculosas</span> <span class='ocrx_word' id='word_1_302' title='bbox 1544 2610 1772 2649; x_wconf 82' lang='lat' dir='ltr'>Heinrichius,</span> 
     </span>
     <span class='ocr_line' id='line_1_37' title="bbox 245 2662 1771 2703; baseline -0.003 -4"><span class='ocrx_word' id='word_1_303' title='bbox 245 2675 364 2700; x_wconf 75' lang='lat' dir='ltr'>-onsas</span> <span class='ocrx_word' id='word_1_304' title='bbox 381 2664 594 2702; x_wconf 73' lang='lat' dir='ltr'>fflbbeckius,</span> <span class='ocrx_word' id='word_1_305' title='bbox 615 2666 812 2696; x_wconf 83' lang='lat' dir='ltr'>maculosos</span> <span class='ocrx_word' id='word_1_306' title='bbox 828 2665 862 2703; x_wconf 81' lang='lat' dir='ltr'>F,</span> <span class='ocrx_word' id='word_1_307' title='bbox 879 2665 1085 2696; x_wconf 82' lang='lat' dir='ltr'>maculonus</span> <span class='ocrx_word' id='word_1_308' title='bbox 1098 2662 1147 2702; x_wconf 90' lang='grc' dir='ltr'>Ψ,</span> <span class='ocrx_word' id='word_1_309' title='bbox 1161 2665 1356 2696; x_wconf 84' lang='lat' dir='ltr'>maculonis</span> <span class='ocrx_word' id='word_1_310' title='bbox 1373 2665 1439 2702; x_wconf 92' lang='lat' dir='ltr'>PG,</span> <span class='ocrx_word' id='word_1_311' title='bbox 1456 2664 1522 2694; x_wconf 78' lang='lat' dir='ltr'>alii</span> <span class='ocrx_word' id='word_1_312' title='bbox 1537 2663 1687 2694; x_wconf 62' lang='lat' dir='ltr'>sordibus</span> <span class='ocrx_word' id='word_1_313' title='bbox 1702 2664 1771 2694; x_wconf 64' lang='lat' dir='ltr'>dix.</span> 
     </span>
     <span class='ocr_line' id='line_1_38' title="bbox 243 2713 1776 2758; baseline -0.002 -8"><span class='ocrx_word' id='word_1_314' title='bbox 243 2719 311 2751; x_wconf 74' lang='lat' dir='ltr'>alii</span> <span class='ocrx_word' id='word_1_315' title='bbox 333 2719 438 2758; x_wconf 73' lang='lat' dir='ltr'>pictas</span> <span class='ocrx_word' id='word_1_316' title='bbox 461 2717 534 2756; x_wconf 71' lang='lat' dir='ltr'>&lt;aut</span> <span class='ocrx_word' id='word_1_317' title='bbox 557 2717 708 2747; x_wconf 76' lang='lat' dir='ltr'>sordidas</span> <span class='ocrx_word' id='word_1_318' title='bbox 731 2716 818 2746; x_wconf 55' lang='lat' dir='ltr'>dixit</span> <span class='ocrx_word' id='word_1_319' title='bbox 841 2719 901 2747; x_wconf 68' lang='lat' dir='ltr'>aut</span> <span class='ocrx_word' id='word_1_320' title='bbox 922 2717 1031 2755; x_wconf 75' lang='lat' dir='ltr'>pictas</span> <span class='ocrx_word' id='word_1_321' title='bbox 1054 2715 1262 2757; x_wconf 86' lang='lat' dir='ltr'>Schopenus)</span> <span class='ocrx_word' id='word_1_322' title='bbox 1287 2713 1324 2746; x_wconf 94' lang='grc' dir='ltr'>Σ.</span> <span class='ocrx_word' id='word_1_323' title='bbox 1374 2725 1496 2746; x_wconf 87' lang='lat' dir='ltr'>nomen</span> <span class='ocrx_word' id='word_1_324' title='bbox 1519 2715 1691 2756; x_wconf 86' lang='lat' dir='ltr'>proprium</span> <span class='ocrx_word' id='word_1_325' title='bbox 1716 2716 1776 2757; x_wconf 83' lang='lat' dir='ltr'>qui</span> 
     </span>
     <span class='ocr_line' id='line_1_39' title="bbox 244 2765 1778 2812; baseline -0.002 -11"><span class='ocrx_word' id='word_1_326' title='bbox 244 2769 369 2812; x_wconf 87' lang='lat' dir='ltr'>requiri</span> <span class='ocrx_word' id='word_1_327' title='bbox 385 2770 510 2810; x_wconf 86' lang='lat' dir='ltr'>putant</span> <span class='ocrx_word' id='word_1_328' title='bbox 526 2770 661 2809; x_wconf 87' lang='lat' dir='ltr'>propter</span> <span class='ocrx_word' id='word_1_329' title='bbox 673 2767 750 2798; x_wconf 70' lang='lat' dir='ltr'>haec</span> <span class='ocrx_word' id='word_1_330' title='bbox 762 2777 793 2798; x_wconf 88' lang='lat' dir='ltr'>u.</span> <span class='ocrx_word' id='word_1_331' title='bbox 809 2770 859 2805; x_wconf 87' lang='lat'>41,</span> <span class='ocrx_word' id='word_1_332' title='bbox 877 2767 1042 2798; x_wconf 84' lang='lat' dir='ltr'>falluntur</span> <span class='ocrx_word' id='word_1_333' title='bbox 1048 2779 1056 2804; x_wconf 89' lang='lat'>;</span> <span class='ocrx_word' id='word_1_334' title='bbox 1080 2777 1159 2798; x_wconf 86' lang='lat' dir='ltr'>nam</span> <span class='ocrx_word' id='word_1_335' title='bbox 1175 2767 1252 2798; x_wconf 77' lang='lat' dir='ltr'>haec</span> <span class='ocrx_word' id='word_1_336' title='bbox 1267 2776 1327 2808; x_wconf 87' lang='lat' dir='ltr'>pro</span> <span class='ocrx_word' id='word_1_337' title='bbox 1342 2776 1388 2803; x_wconf 78' lang='lat' dir='ltr'>ea,</span> <span class='ocrx_word' id='word_1_338' title='bbox 1403 2776 1469 2807; x_wconf 83' lang='lat' dir='ltr'>qua</span> <span class='ocrx_word' id='word_1_339' title='bbox 1481 2765 1587 2797; x_wconf 78' lang='lat' dir='ltr'>forma</span> <span class='ocrx_word' id='word_1_340' title='bbox 1605 2766 1778 2798; x_wconf 86' lang='lat' dir='ltr'>quenalis</span> 
     </span>
     <span class='ocr_line' id='line_1_40' title="bbox 245 2816 1774 2861; baseline -0.001 -8"><span class='ocrx_word' id='word_1_341' title='bbox 245 2832 313 2854; x_wconf 90' lang='lat' dir='ltr'>non</span> <span class='ocrx_word' id='word_1_342' title='bbox 336 2821 455 2857; x_wconf 84' lang='lat' dir='ltr'>utitur,</span> <span class='ocrx_word' id='word_1_343' title='bbox 474 2819 621 2861; x_wconf 82' lang='lat' dir='ltr'>positum</span> <span class='ocrx_word' id='word_1_344' title='bbox 645 2821 696 2849; x_wconf 86' lang='lat' dir='ltr'>est</span> <span class='ocrx_word' id='word_1_345' title='bbox 712 2821 746 2849; x_wconf 87' lang='lat' dir='ltr'>et</span> <span class='ocrx_word' id='word_1_346' title='bbox 762 2818 805 2849; x_wconf 85' lang='lat' dir='ltr'>ad</span> <span class='ocrx_word' id='word_1_347' title='bbox 821 2820 859 2849; x_wconf 73' lang='lat' dir='ltr'>in</span> <span class='ocrx_word' id='word_1_348' title='bbox 882 2829 948 2858; x_wconf 78' lang='lat' dir='ltr'>qua</span> <span class='ocrx_word' id='word_1_349' title='bbox 964 2818 1114 2857; x_wconf 86' lang='lat' dir='ltr'>refertur,</span> <span class='ocrx_word' id='word_1_350' title='bbox 1136 2818 1223 2849; x_wconf 84' lang='lat' dir='ltr'>sicut</span> <span class='ocrx_word' id='word_1_351' title='bbox 1245 2818 1298 2849; x_wconf 80' lang='lat' dir='ltr'>hic</span> <span class='ocrx_word' id='word_1_352' title='bbox 1313 2825 1353 2848; x_wconf 86' lang='lat' dir='ltr'>VI</span> <span class='ocrx_word' id='word_1_353' title='bbox 1370 2818 1432 2849; x_wconf 83' lang='lat'>532</span> <span class='ocrx_word' id='word_1_354' title='bbox 1448 2816 1491 2848; x_wconf 88' lang='lat' dir='ltr'>ad</span> <span class='ocrx_word' id='word_1_355' title='bbox 1507 2819 1567 2858; x_wconf 81' lang='lat' dir='ltr'>qui</span> <span class='ocrx_word' id='word_1_356' title='bbox 1584 2818 1645 2849; x_wconf 87' lang='lat'>533</span> <span class='ocrx_word' id='word_1_357' title='bbox 1733 2823 1774 2851; x_wconf 85' lang='lat'>41</span> 
     </span>
     <span class='ocr_line' id='line_1_41' title="bbox 242 2868 1070 2910; baseline -0.008 -3"><span class='ocrx_word' id='word_1_358' title='bbox 242 2875 330 2906; x_wconf 80' lang='lat' dir='ltr'>haec</span> <span class='ocrx_word' id='word_1_359' title='bbox 347 2873 437 2909; x_wconf 79' lang='lat' dir='ltr'>PFG,</span> <span class='ocrx_word' id='word_1_360' title='bbox 456 2880 497 2904; x_wconf 82' lang='lat' dir='ltr'>ac</span> <span class='ocrx_word' id='word_1_361' title='bbox 513 2868 551 2901; x_wconf 90' lang='grc' dir='ltr'>Ψ</span> <span class='ocrx_word' id='word_1_362' title='bbox 638 2869 678 2901; x_wconf 86' lang='lat' dir='ltr'>de</span> <span class='ocrx_word' id='word_1_363' title='bbox 696 2870 785 2910; x_wconf 71' lang='lat' dir='ltr'>Zouye</span> <span class='ocrx_word' id='word_1_364' title='bbox 801 2868 878 2901; x_wconf 85' lang='lat' dir='ltr'>uide</span> <span class='ocrx_word' id='word_1_365' title='bbox 895 2868 937 2900; x_wconf 84' lang='lat' dir='ltr'>ad</span> <span class='ocrx_word' id='word_1_366' title='bbox 955 2878 993 2900; x_wconf 81' lang='lat' dir='ltr'>VI</span> <span class='ocrx_word' id='word_1_367' title='bbox 1011 2870 1070 2901; x_wconf 87' lang='lat'>561</span> 
     </span>
    </p>
   </div>
  </div>
 </body>
</html>
