1947 3145
194 110 252 155 28
791 111 1118 153 IVVENALIS

323 232 366 269 et
391 229 466 283 qui
490 229 734 270 uulturibus
758 229 950 270 seruabat
975 229 1136 269 uiscera
1160 229 1289 270 Dacis

323 303 483 345 Fuscus
507 317 743 344 marmorea
767 303 999 344 meditatus
1023 304 1182 357 proelia
1206 304 1324 353 uilla,

321 382 365 418 et
389 392 485 419 cum
509 378 728 419 mortifero
752 378 937 431 prudens
961 378 1162 420 Veiiento
1188 378 1369 428 Catullo,

321 453 396 506 qui
421 467 656 507 numquam
681 453 797 493 uisae
821 453 1025 507 flagrabat
1049 467 1191 494 amore
1214 454 1391 507 puellae,

189 537 249 568 115
319 527 477 582 grande
500 533 543 568 et
567 528 840 581 conspicuum
865 533 1009 569 nostro
1035 543 1201 583 quoque
1227 534 1414 583 tempore
1439 533 1692 579 monstrum,

319 616 465 643 caecus
489 602 685 643 adulator
710 602 919 656 dirusque,
943 617 967 643 a
989 609 1130 657 ponte,
1154 605 1333 654 satelles,

319 677 473 732 dignus
497 677 695 718 Aricinos
720 678 794 731 qui
818 678 1077 719 mendicaret
1103 679 1156 719 ad
1179 693 1278 720 axes

319 752 559 806 blandaque
584 752 766 793 deuexae
791 753 970 794 iactaret
995 754 1112 794 basia
1135 754 1292 794 raedae.

319 840 442 867 nemo
466 827 603 881 magis
627 827 856 868 rhombum
881 829 1077 882 stupuit3
1112 842 1213 869 nam
1236 829 1421 883 plurima
1446 829 1560 871 dixit

184 912 245 942 120
316 902 362 942 in
388 902 553 942 laeuom
577 916 815 952 conuersus,
839 909 884 944 at
909 904 975 944 illi
1000 904 1150 945 dextra
1174 905 1340 945 iacebat

316 977 452 1017 belua.
523 978 583 1018 sic
606 992 773 1033 pugnas
799 978 945 1020 Cilicis
969 979 1171 1020 laudabat
1196 985 1238 1020 et
1263 980 1377 1021 ictus

315 1058 358 1092 et
382 1065 533 1106 pegma
558 1058 601 1094 et
625 1067 777 1106 pueros
801 1054 900 1095 inde
924 1055 977 1095 ad
1001 1055 1163 1095 uel-aria
1187 1060 1341 1109 raptos.

315 1140 401 1167 non
425 1127 538 1168 cedit
563 1129 777 1178 Veiiento‚
802 1129 874 1170 sed
898 1135 947 1170 ut
974 1129 1187 1171 fanaticus
1211 1136 1349 1171 oestro

313 1215 544 1255 percussus,
569 1204 758 1253 Bellona,
784 1210 858 1245 tuo
883 1205 1054 1246 diuinat
1078 1210 1121 1246 et
1146 1206 1321 1260 ‘ingens

181 1286 240 1316 125
310 1289 434 1317 omen
457 1277 586 1319 habes
602 1278 610 1293 ³
635 1279 779 1332 inquit
803 1284 812 1299 ‘
828 1281 974 1334 magni
999 1280 1187 1334 clarique
1212 1281 1432 1335 triumphi.

312 1365 451 1406 regem
476 1353 662 1406 aliquem
687 1354 839 1408 capies,
862 1359 939 1395 aut
964 1355 1014 1395 de
1040 1360 1206 1396 temone
1231 1355 1441 1396 Britanno

312 1427 478 1468 excidet
500 1429 752 1484 Aruiragus.
825 1431 1046 1484 peregrina
1071 1435 1134 1471 est
1158 1430 1305 1471 belua:
1342 1430 1476 1471 cernis

313 1507 473 1543 erectas
492 1517 570 1556 per
594 1509 715 1558 terga
739 1505 861 1546 sudes
880 1507 893 1545 ἲ
910 1505 918 1520 ’
987 1506 1065 1546 hoc
1089 1505 1226 1546 defuit
1251 1520 1386 1546 unum

312 1577 517 1627 Fabricio,
542 1579 726 1632 patriam
751 1584 800 1620 ut
824 1580 993 1621 rhombi
1018 1586 1273 1621 memoraret
1297 1585 1339 1621 et
1364 1594 1507 1622 annos.

181 1660 242 1691 130
311 1656 319 1671 ‘
335 1653 541 1706 quidnam
567 1655 700 1708 igitur
725 1658 898 1696 censes?
966 1656 1207 1696 conciditur
1227 1658 1239 1696 ἓ
1256 1656 1264 1670 ’
1333 1661 1342 1675 ‘
1358 1656 1470 1697 absit
1495 1656 1547 1696 ab
1572 1655 1648 1697 illo

312 1726 492 1769 dedecus
516 1729 617 1777 hocf
644 1729 880 1770 Montanus
905 1731 980 1780 ait,
1006 1736 1142 1772 ‘testa
1167 1731 1257 1772 alta
1281 1736 1457 1784 paretur

311 1816 419 1856 quae
444 1804 564 1844 tenui
589 1818 710 1845 muro
736 1806 971 1858 spatiosum
995 1807 1168 1861 colligat
1194 1806 1345 1847 orbem.

311 1877 488 1919 debetur
512 1893 693 1934 magnus
718 1882 891 1934 patinae
910 1882 1162 1936 subitusque
1189 1882 1475 1922 Prometheus.

311 1954 509 2008 argillam
533 1960 660 2008 atque
685 1961 823 1996 rotam
848 1957 976 1998 citius
1000 1962 1248 2011 properate3
1285 1956 1356 1998 sed
1381 1970 1432 1997 ex
1456 1957 1535 1998 hoc

179 2037 240 2068 135
309 2032 497 2082 tempore
523 2030 620 2079 iam,
646 2030 808 2080 Caesar,
834 2032 952 2087 figuli
977 2037 1052 2073 tua
1077 2037 1212 2073 castra
1237 2032 1495 2086 sequantur?

310 2103 417 2144 uicit
442 2103 573 2159 digna
598 2106 691 2146 uiro
716 2107 940 2148 sententia.
1013 2112 1190 2148 nouerat
1215 2107 1289 2147 ille

309 2177 521 2220 luxuriam
546 2180 700 2234 inperii
725 2187 912 2223 ueterem
937 2189 1163 2236 noctesque
1189 2182 1373 2223 Neronis

240 2303 301 2331 113
318 2300 471 2332 uellento
487 2301 522 2340 P,
543 2303 684 2335 ueiento
701 2301 748 2342 Ψ,
768 2306 919 2344 uegento
932 2303 1045 2343 Vind.,
1061 2303 1140 2336 uide
1157 2305 1218 2335 123
1308 2308 1370 2336 116
1387 2303 1466 2335 ordo
1483 2307 1534 2335 est
1549 2304 1708 2344 dirusque

172 2350 300 2382 satelles
314 2351 437 2391 diqnus
451 2354 511 2393 qui
526 2363 547 2383 a
558 2357 654 2394 ponte
669 2356 876 2393 mendicaret,
895 2357 961 2388 nisi
977 2357 1088 2398 potius
1105 2356 1218 2388 subest
1235 2355 1405 2395 mendum,
1425 2366 1505 2387 nam
1521 2355 1709 2398 hyperbata

173 2401 261 2443 apud
286 2402 480 2434 quenalem
511 2414 570 2436 nec
593 2406 702 2438 multa
729 2410 809 2439 sunt
836 2418 895 2439 nec
923 2408 1014 2447 dura,
1042 2417 1082 2439 Π
1111 2410 1172 2440 115
1200 2418 1248 2449 sq.
1279 2408 1452 2447 Claudius,
1480 2408 1573 2446 audi,
1600 2406 1707 2448 lquae

172 2453 297 2492 tulerit,
317 2462 385 2485 XIV
403 2457 463 2485 144
481 2457 617 2487 arbusta
632 2461 671 2496 et,
692 2458 801 2498 densa,
822 2463 970 2499 montem,
991 2460 1051 2500 qui
1066 2463 1156 2491 canet
1172 2460 1268 2490 oliua
1355 2463 1417 2491 120
1440 2460 1583 2491 laeuum
1598 2457 1702 2490 Vind.

171 2503 219 2544 Ψ,
247 2505 349 2538 laeuo
370 2507 396 2538 P
413 2506 515 2546 (unde
533 2517 626 2540 -uom
649 2509 888 2550 Hermannus),
909 2512 1049 2543 laeuam
1073 2511 1157 2543 Brit.
1176 2513 1214 2543 15
1240 2511 1268 2543 B
1292 2520 1373 2542 XVII
1390 2510 1460 2543 flor.
1481 2509 1641 2549 Parisina,
1662 2510 1708 2541 ad

170 2557 345 2588 sinistram
361 2556 390 2588 Σ
479 2563 540 2590 123
564 2561 718 2593 uellento
741 2563 776 2600 Ρ,
797 2564 961 2595 uelaento
978 2562 1090 2603 Vind.,
1111 2564 1252 2595 ueiento
1275 2562 1322 2601 Ψ,
1343 2561 1422 2594 uide
1445 2562 1506 2593 113
1523 2565 1557 2593 et
1580 2569 1626 2592 111
1643 2562 1705 2594 185

247 2613 310 2640 12⁷
327 2610 464 2642 excidet.
480 2611 506 2642 P
518 2610 621 2643 Vind.
637 2613 706 2651 TU,
725 2615 856 2646 excidit
873 2613 910 2646 Ψ
989 2619 1051 2647 128
1067 2614 1164 2655 perj‘
1181 2616 1219 2646 in
1235 2616 1260 2646 P
1274 2613 1375 2646 Vind.
1393 2612 1439 2652 Ψ,
1456 2611 1534 2644 uide
1547 2612 1647 2645 Mart.
1665 2621 1706 2645 xx

173 2660 232 2690 101
257 2660 307 2698 17,
327 2660 386 2691 ubi
407 2664 455 2692 ter
471 2663 603 2702 perfida
619 2673 695 2704 pars
712 2664 872 2704 codicum,
894 2676 969 2707 pars
991 2667 1156 2707 perfidiam
1180 2666 1281 2697 huius
1302 2668 1434 2697 saturae
1454 2674 1487 2697 u.
1510 2665 1548 2695 59
1575 2667 1612 2695 ut
1627 2666 1706 2696 ante

171 2721 215 2742 ur
242 2710 369 2743 excidit
394 2712 430 2743 in
457 2714 521 2752 PT,
553 2723 577 2744 v
603 2717 663 2746 154
689 2718 746 2747 tur
769 2719 847 2748 ante
867 2728 935 2757 par
959 2718 995 2748 in
1020 2719 1055 2749 P.
1105 2716 1275 2749 dorsuales
1299 2717 1430 2758 pinnae,
1458 2725 1541 2757 quas
1565 2716 1705 2747 sudium

170 2762 305 2794 nomine
321 2763 502 2805 significari
517 2770 665 2807 apparet,
684 2768 721 2798 in
737 2771 826 2808 terqa
839 2769 920 2810 erigi
933 2779 1000 2800 non
1017 2772 1167 2811 possunt,
1182 2779 1257 2800 cum
1273 2768 1343 2800 sint
1358 2768 1395 2799 in
1411 2770 1504 2809 tergo
1519 2777 1527 2806 ;
1551 2766 1706 2799 laterales

169 2816 283 2846 autem
299 2815 335 2846 in
347 2814 488 2847 rhombo
504 2827 683 2858 perparuae
703 2822 783 2850 sunt
799 2830 905 2861 neque
922 2820 1027 2852 ullam
1042 2820 1169 2852 habent
1185 2830 1260 2852 cum
1282 2818 1421 2851 sudibus
1444 2817 1706 2850 similitudinem

257 2870 318 2900 135
334 2867 434 2907 figuli
450 2868 476 2899 P
492 2868 593 2900 Vind.
611 2868 660 2908 Ψ,
679 2871 784 2910 tigidi
800 2872 833 2910 F,
855 2872 997 2911 tegulae
1014 2873 1042 2904 Τ
1058 2875 1092 2904 et
1107 2875 1146 2904 ut
1162 2871 1297 2903 uidetur
1320 2872 1346 2903 1.
1434 2874 1496 2903 136
1511 2871 1625 2903 uincit.
1642 2871 1665 2903 S
1704 2907 1708 2911 .
