1947 3145
236 107 261 146 5
273 108 296 148 6
837 104 1164 147 IVVENALIS

368 224 572 265 continuo
597 224 698 265 flexi
721 224 881 264 crimen
907 222 1157 274 facinusque
1181 220 1338 275 capilli.

368 299 469 353 quid
497 299 647 340 Psecas
671 298 876 338 admisit?
945 310 1154 350 quaenam
1179 300 1244 336 est
1268 295 1339 336 hic
1363 294 1489 348 culpa
1514 294 1694 348 puellae,

234 385 295 415 495
365 375 401 415 si
424 375 507 415 tibi
531 374 751 428 displicuit
775 386 901 413 nasus
925 374 1057 412 tuus?
1125 371 1260 412 altera
1285 371 1456 411 laeuum

366 449 562 490 extendit
585 448 804 502 pectitque
828 460 968 487 comas
993 451 1036 487 et
1060 446 1201 487 uoluit
1225 446 1272 486 in
1297 446 1448 486 orbem.

366 529 429 565 est
454 524 499 564 in
523 522 702 564 consilio
726 526 922 562 materna
945 521 1200 575 admotaque
1225 521 1336 561 lanis

365 599 544 640 emerita
568 611 674 651 quae
699 602 835 638 cessat
859 611 938 637 acu
957 611 966 648 3
1002 597 1218 637 sententia
1242 596 1381 650 prima

364 674 495 715 huius
519 673 614 722 erit,
637 676 732 726 post
757 672 869 713 hanc
892 677 1033 713 aetate
1058 677 1187 726 atque
1210 677 1303 712 arte
1327 672 1512 712 minores

231 759 295 790 500
364 748 608 795 censebunt,
631 752 853 801 tamquam
877 747 1015 787 famae
1042 747 1269 787 discrimen
1293 752 1446 801 agatur

365 828 440 864 aut
465 823 657 863 animae:
693 826 817 862 tanta
841 827 904 863 est
929 821 1163 876 quaerendi
1187 835 1287 861 cura
1312 821 1484 862 decoris.

365 902 429 939 tot
453 898 610 951 premit
634 897 869 946 ordinibus,
894 901 960 938 tot
985 896 1124 937 adhuc
1149 896 1410 950 conpagibus
1435 896 1573 936 altum

364 972 560 1013 aedificat
585 977 724 1026 caput,
748 972 1081 1012 Andromachen
1106 985 1130 1011 a
1155 971 1296 1011 fronte
1321 970 1487 1011 uidebis
1507 986 1515 1011 :

364 1052 460 1102 post
484 1048 624 1089 minor
648 1052 724 1096 est,
749 1047 892 1088 credas
918 1047 1060 1088 aliam.
1130 1046 1245 1095 cedo,
1270 1047 1306 1087 si
1329 1046 1458 1086 breue
1482 1046 1607 1100 parui

230 1134 292 1164 ,205
363 1123 517 1164 sortita
541 1127 605 1164 est
630 1122 779 1164 lateris
804 1123 1007 1177 spatium,
1032 1122 1285 1175 breuiorque
1308 1121 1485 1162 uidetur

364 1198 531 1253 uirgine
556 1199 771 1253 Pygmaea
796 1198 929 1239 nullis
953 1198 1104 1238 adiuta
1127 1197 1330 1246 coturnis,

363 1278 406 1315 et
430 1273 540 1314 leuis
564 1278 704 1314 erecta
727 1273 947 1327 consurgit
971 1273 1024 1313 ad
1049 1272 1192 1313 oscula
1216 1272 1375 1325 planta.

430 1348 550 1389 nulla
575 1349 660 1388 uiri
684 1362 784 1389 cura
808 1349 975 1389 interea
999 1361 1076 1388 nec
1100 1347 1263 1387 mentio
1289 1347 1363 1387 fiet

367 1423 633 1464 damnorum.
705 1424 820 1464 uiuit
845 1428 1067 1477 tamquam
1092 1423 1236 1463 uicina
1260 1421 1418 1470 mariti,

230 1509 293 1540 510
364 1500 442 1539 hoc
466 1499 553 1539 solo
572 1499 755 1553 propior,
779 1498 896 1552 quod
920 1498 1076 1538 amicos
1100 1497 1293 1552 coniugis
1318 1497 1408 1537 odit

365 1579 409 1615 et
434 1587 589 1623 seruos,
614 1574 758 1628 grauis
784 1578 847 1614 est
873 1573 1122 1614 rationibus,
1200 1585 1292 1613 ecce
1317 1572 1500 1613 furentis

366 1649 569 1690 Bellonae
593 1649 829 1702 matrisque
854 1648 983 1689 deum
1007 1649 1160 1688 chorus
1184 1647 1321 1688 intrat
1340 1652 1383 1687 et
1407 1647 1559 1701 ingens

367 1725 552 1774 semiuir,
578 1725 782 1765 obscaeno
807 1724 935 1764 facies
959 1723 1189 1764 reuerenda
1213 1723 1383 1771 minori,

367 1800 514 1841 mollia
539 1801 614 1854 qui
638 1804 763 1854 rapta
787 1800 922 1840 secuit
947 1798 1154 1853 genitalia
1179 1803 1293 1839 testa

233 1886 295 1917 515
366 1876 453 1916 iam
479 1876 657 1930 pridem,
681 1876 749 1916 cui
774 1888 901 1915 rauca
925 1875 1087 1923 cohors,
1110 1875 1180 1914 cui
1205 1879 1412 1929 tympana
1437 1873 1594 1914 cedunt

368 1950 532 2005 plebeia
556 1955 599 1991 et
625 1951 817 2005 Phrygia
841 1950 1029 1991 uestitur
1054 1950 1185 1990 bucca
1211 1949 1329 1990 tiara.

369 2026 524 2081 grande
549 2031 671 2067 sonat
695 2026 918 2079 metuique
943 2025 1063 2065 iubet
1089 2025 1352 2078 Septembris
1377 2029 1420 2065 et
1444 2024 1581 2065 austri

368 2101 616 2150 aduentum,
639 2101 725 2142 nisi
751 2115 793 2141 se
818 2105 995 2141 centum
1020 2100 1275 2141 lustrauerit
1301 2099 1393 2140 ouis

368 2182 411 2218 et
435 2176 749 2230 xerampelinas
773 2181 940 2217 ueteres
965 2175 1190 2216 donauerit
1214 2175 1310 2229 ipsi,

235 2262 299 2293 520
368 2256 418 2292 ut
442 2251 653 2306 quidquid
678 2251 812 2292 subiti
836 2255 879 2291 et
905 2251 1053 2305 magni
1078 2250 1340 2291 discriminis
1364 2250 1501 2291 instat

367 2327 414 2367 in
438 2328 604 2368 tunicas
630 2332 699 2368 eat
724 2331 768 2368 et
792 2330 935 2368 totum
961 2325 1092 2367 semel
1117 2326 1261 2379 expiet
1285 2339 1458 2366 annum.

369 2402 598 2443 hibernum
619 2402 753 2444 fracta
777 2402 911 2456 glacie
935 2401 1161 2442 descendet
1185 2401 1233 2441 in
1257 2414 1440 2450 amnem,

299 2510 362 2538 495
393 2507 531 2537 laeuum
558 2509 591 2538 et
618 2507 724 2538 orbem
751 2505 983 2548 coniungenda
1011 2508 1112 2537 sunt:
1145 2505 1222 2537 uide
1249 2514 1320 2537 vm
1352 2506 1392 2536 58
1424 2515 1472 2546 sq.
1497 2504 1656 2545 plurima
1683 2527 1690 2535 .
1722 2526 1730 2535 .
1759 2527 1766 2534 .

233 2559 386 2596 uictoria,
415 2558 476 2591 207
501 2568 549 2600 sq.
577 2569 683 2589 aurea
706 2582 713 2590 .
739 2582 746 2590 .
775 2582 782 2590 .
809 2559 911 2598 spira,
940 2566 966 2589 x
989 2560 1027 2588 41
1053 2567 1100 2599 sq.
1124 2557 1279 2597 publicus
1305 2580 1313 2588 .
1342 2580 1349 2588 .
1379 2580 1385 2588 .
1413 2566 1538 2594 seruus,
1566 2563 1607 2586 XI
1631 2555 1693 2586 140
1717 2564 1765 2596 sq.

233 2610 427 2641 latuissima
451 2633 458 2641 .
486 2632 494 2641 .
523 2633 531 2641 .
558 2619 644 2645 cena,
662 2619 812 2651 quaeque
829 2620 868 2640 ex
885 2609 959 2640 aliis
976 2609 1193 2650 scriptoribus
1208 2608 1251 2639 ad
1274 2607 1389 2639 Manil.
1407 2615 1420 2639 1
1437 2608 1499 2638 269
1515 2606 1619 2638 attuli
1706 2609 1769 2638 501

233 2663 341 2694 tanta
363 2659 484 2699 PEFG,
505 2661 601 2692 tanti
624 2658 662 2690 Ψ
749 2665 813 2692 504
836 2661 930 2691 breue
953 2660 1016 2691 hoc
1039 2670 1136 2691 uersu
1160 2662 1194 2691 et
1217 2659 1409 2701 insequenti
1427 2659 1557 2690 breuior
1574 2657 1770 2689 quenalem

233 2712 381 2754 posuisse
399 2712 460 2743 uix
482 2711 639 2743 credibile
664 2714 737 2750 est;
761 2711 851 2753 quod
874 2711 965 2743 idem
984 2713 1091 2743 sentio
1114 2710 1154 2742 de
1179 2710 1307 2753 duplici
1329 2711 1505 2751 deformem
1521 2718 1547 2741 x
1564 2711 1624 2740 191
1642 2712 1677 2741 et
1693 2711 1766 2747 192,

232 2764 320 2796 sicut
342 2762 383 2794 de
406 2764 532 2794 summi
550 2763 602 2794 bis
622 2763 730 2804 posito
755 2771 785 2794 11
811 2765 871 2794 104
897 2765 931 2794 et
953 2764 1014 2794 105
1118 2767 1180 2794 511
1203 2763 1325 2802 grauis
1349 2764 1404 2794 est
1426 2762 1555 2800 ALOU,
1581 2762 1703 2801 gram's
1727 2761 1766 2800 ¹1¹,

229 2824 360 2855 graues
376 2815 409 2853 F,
430 2815 534 2854 graui
550 2815 616 2852 PG,
636 2813 725 2845 unde
742 2813 964 2845 Buechelerus
979 2814 1129 2854 qrauior,
1151 2814 1246 2855 quasi
1262 2813 1451 2845 uicinarum
1466 2822 1598 2855 quoque
1613 2814 1771 2854 sumptus

229 2867 345 2909 aliqua
360 2876 400 2898 ex
417 2867 511 2908 parte
528 2865 648 2897 marito
665 2865 832 2897 tolerandi
848 2865 918 2896 sint
1006 2869 1068 2898 518
1084 2866 1154 2897 nisi
1170 2863 1215 2904 Ψ,
1238 2866 1269 2897 si
1285 2866 1319 2904 P,
1341 2875 1404 2896 om.
1422 2866 1448 2897 P
