1947 3145
259 93 349 133 132

256 443 318 474 235

254 816 317 848 240

249 1192 312 1223 245

248 1567 312 1598 250

249 1942 311 1974 265

247 2317 311 2348 260

310 2546 372 2574 232
388 2543 562 2583 metisque
578 2541 624 2580 Ψ,
646 2545 854 2583 meritisque
870 2544 953 2575 PSA

289 2599 351 2627 250
367 2597 454 2627 uota
469 2593 517 2632 Ψ,
537 2597 621 2627 uoto
637 2596 688 2627 Ps

856 89 1184 132 IVVENALIS

389 212 433 250 et
458 212 500 250 te
524 212 769 262 contempto
794 208 964 260 rapitur
989 206 1199 259 metisque
1223 205 1393 247 relictis.

389 296 514 325 nemo
538 283 643 324 satis
667 282 802 323 credit
827 286 999 322 tantum
1024 280 1267 334 delinquere
1292 285 1503 334 quantum

391 358 641 412 permittas:
677 357 780 397 adeo
805 355 1034 409 indulgent
1059 355 1140 395 sibi
1164 355 1296 395 latius
1321 355 1415 408 ipsi.

387 446 485 473 cum
510 432 614 473 dicis
639 431 785 471 iuueni
810 430 1006 478 stultum,
1030 430 1104 483 qui
1129 429 1258 470 donet
1282 430 1429 478 amico,

389 508 463 562 qui
486 509 779 560 paupertatem
803 505 917 545 leuet
941 505 1195 559 attollatque
1219 505 1461 558 propinqui,

386 586 429 623 et
454 582 627 635 spoliare
652 580 774 621 doces
798 585 840 620 et
865 580 1197 620 circumscribere
1223 584 1264 621 et
1289 580 1406 620 omni

389 657 566 698 crimine
592 656 770 696 diuitias
794 655 1023 709 adquirere,
1047 669 1223 709 quarum
1247 669 1364 695 amor
1388 655 1434 695 in
1459 659 1502 695 te

389 736 575 786 quantus
600 735 691 771 erat
716 731 881 783 patriae
906 730 1134 770 Deciorum
1159 730 1205 770 in
1229 734 1408 784 pectore,
1432 733 1643 784 quantum

387 805 540 846 dilexit
564 805 739 853 Thebas,
764 805 799 845 si
826 804 1002 846 Graecia
1029 818 1141 853 uera,
1165 804 1430 852 Menoeceus,

387 881 433 921 in
459 894 640 935 quorum
664 880 792 921 sulcis
817 880 1001 934 legiones
1025 879 1225 920 dentibus
1249 879 1401 934 anguis

385 970 483 997 cum
507 955 654 1009 clipeis
679 960 911 996 nascuntur
933 960 976 996 et
1000 954 1173 995 horrida
1197 954 1307 995 bella
1331 959 1557 1008 capessunt

385 1031 603 1079 continuo,
628 1035 850 1084 tamquam
874 1035 917 1071 et
943 1030 1115 1070 tubicen
1138 1029 1370 1070 surrexerit
1395 1043 1489 1070 una.

385 1119 485 1161 ergo
508 1106 665 1160 ignem,
689 1106 809 1147 cuius
835 1105 1046 1146 scintillas
1070 1105 1160 1159 ipse
1184 1105 1350 1153 dedisti,

382 1181 633 1236 fiagrantem
657 1181 742 1221 late
767 1185 809 1221 et
834 1181 1072 1234 rapientem
1096 1185 1249 1221 cuncta
1274 1179 1448 1220 uidebis.

383 1268 458 1296 nec
484 1255 565 1296 tibi
587 1260 780 1309 parcetur
802 1255 968 1303 misem,
994 1255 1288 1308 trepidumque
1312 1255 1563 1309 magistrum

382 1331 428 1371 in
453 1343 579 1371 cauea
603 1344 754 1386 magno
780 1330 955 1370 fremitu
979 1329 1042 1370 leo
1067 1330 1188 1370 tollet
1213 1330 1419 1370 alumnus.

382 1409 483 1446 nota
507 1405 820 1446 mathematicis
843 1405 1004 1460 genesis
1029 1409 1116 1453 tua,
1141 1404 1212 1445 sed
1234 1418 1363 1459 graue
1388 1403 1531 1445 tardas

382 1485 602 1535 expectare
625 1481 767 1531 colus;
802 1480 995 1520 morieris
1020 1480 1200 1520 stamine
1224 1480 1416 1520 nondum

381 1556 569 1610 abrupto.
641 1556 726 1596 iam
752 1569 866 1596 nunc
892 1555 1033 1596 obstas
1057 1559 1099 1596 et
1123 1560 1225 1596 uota
1248 1555 1434 1603 moraris,

382 1631 468 1672 iam
493 1635 659 1685 torquet
683 1631 881 1671 iuuenem
906 1631 1031 1685 longa
1055 1635 1097 1671 et
1121 1630 1288 1671 ceruina
1312 1636 1514 1672 senectus.

383 1706 496 1747 ocius
519 1706 787 1761 Archigenen
812 1718 960 1759 quaere
985 1710 1113 1759 atque
1138 1718 1229 1746 eme
1253 1705 1366 1759 quod
1391 1706 1669 1748 Mithridates

384 1781 647 1836 composuit:
683 1781 719 1822 si
742 1781 809 1821 uis
833 1780 963 1821 aliam
988 1780 1206 1834 decerpere
1231 1781 1358 1821 ficum

383 1861 512 1910 atque
537 1857 643 1897 alias
668 1861 848 1897 tractare
872 1869 995 1904 rosas,
1019 1855 1283 1896 medicamen
1305 1856 1548 1897 habendum
1572 1861 1649 1904 est,

382 1932 542 1972 sorbere
566 1936 665 1972 ante
689 1931 832 1972 cibum
857 1930 973 1985 quod
998 1931 1147 1972 debeat
1171 1935 1214 1972 et
1237 1935 1358 1985 pater
1384 1936 1426 1972 et
1449 1931 1545 1973 rex!

449 2011 635 2048 monstro
661 2006 930 2060 uoluptatem
955 2007 1178 2061 egregiam,
1202 2007 1270 2047 cui
1294 2007 1414 2047 nulla
1440 2007 1619 2055 theatra,

383 2082 502 2122 nulla
525 2095 703 2136 aequare
729 2095 857 2136 queas
881 2082 1090 2136 praetoris
1113 2081 1284 2135 pulpita
1308 2082 1430 2131 lauti,

384 2157 420 2197 si
445 2162 606 2210 spectes
631 2161 790 2210 quanto
814 2157 966 2210 capitis
990 2156 1236 2197 discrimine
1260 2161 1452 2198 constent

382 2231 644 2272 incrementa
669 2232 830 2280 domus,
855 2236 998 2272 aerata
1023 2232 1187 2272 multus
1211 2232 1257 2271 in
1282 2245 1378 2272 arca

380 2306 502 2347 fiscus
527 2312 569 2347 et
593 2307 647 2347 ad
670 2307 847 2361 uigilem
870 2306 1053 2360 ponendi
1078 2306 1255 2347 Castora
1279 2307 1447 2347 nummi

382 2393 434 2421 ex
459 2395 540 2434 quo
565 2382 683 2422 Mars
707 2381 832 2422 Vltor
855 2382 1019 2436 galeam
1044 2395 1210 2435 quoque
1233 2382 1420 2436 perdidit
1444 2386 1487 2423 et
1510 2395 1576 2423 res

381 2469 467 2496 non
490 2457 635 2509 potuit
660 2470 828 2497 seruare
854 2470 962 2497 suas.
1033 2470 1131 2510 ergo
1156 2457 1298 2497 omnia
1323 2457 1468 2498 Florae

243 2864 300 2886 rex
314 2853 355 2893 Σ,
375 2854 514 2886 fortasse
530 2857 557 2885 et
568 2856 665 2894 pater
680 2856 717 2884 ut

1041 2547 1102 2575 247
1123 2552 1233 2575 cauea
1251 2544 1278 2575 P
1299 2543 1402 2576 Burn.
1424 2545 1496 2583 192,
1517 2552 1662 2576 caueam
1680 2542 1718 2575 Ψ

777 2600 839 2628 252
863 2597 1087 2636 archigenem
1110 2597 1171 2634 Ps,
1193 2595 1315 2637 quibus
1339 2595 1468 2627 credere
1490 2595 1624 2628 malunt
1639 2595 1784 2628 editores

244 2657 347 2690 quam
363 2656 518 2689 quaerere
538 2657 620 2678 num
643 2646 733 2684 alibi,
753 2657 834 2679 num
858 2651 936 2679 ante
960 2647 1119 2687 uocalem,
1140 2648 1351 2679 aecusatiuus
1370 2647 1472 2679 huius
1488 2647 1634 2679 nominis
1650 2657 1670 2679 a
1685 2652 1784 2689 poeta

244 2699 375 2741 positus
402 2698 457 2730 sit.
506 2697 584 2729 uide
615 2698 717 2729 etiam
745 2707 773 2730 11
803 2700 820 2730 6
846 2700 1046 2731 Aristotelen

243 2753 409 2792 pateraeet
438 2751 473 2788 P,
498 2760 640 2792 quorum
671 2750 706 2781 in
738 2753 880 2792 utroque
911 2753 948 2783 et
978 2754 1055 2793 post
1082 2751 1204 2782 sorbere
1228 2752 1393 2783 insertum
1417 2754 1477 2790 est,
1503 2753 1568 2783 aut
1591 2753 1698 2792 pater
1719 2753 1785 2783 aut

243 2802 292 2842 Ψ,
319 2805 384 2835 aut
406 2803 510 2843 pater
532 2803 574 2833 ut
597 2803 628 2833 U
652 2804 692 2832 ut
714 2801 859 2841 uidetur,
875 2805 974 2842 pater
998 2827 1005 2834 .
1035 2827 1042 2835 .
1070 2827 1077 2835 .

1134 2704 1196 2731 255
1228 2701 1264 2731 et
1294 2702 1399 2740 pater
1429 2702 1466 2732 et
1496 2698 1565 2731 flor.
1597 2698 1712 2740 Sang.‚
1749 2701 1786 2731 et

1105 2813 1206 2844 aeque
1228 2803 1314 2834 debet
1339 2805 1450 2834 timere
1473 2803 1580 2834 saluti
1602 2812 1681 2835 suae
1701 2803 1787 2835 sicut
