1947 3145
753 116 986 158 SATVRA
1022 116 1091 156 XI
1600 116 1622 154 1
1633 115 1657 155 Ο
1667 115 1691 155 5

184 246 225 277 95
294 236 457 277 clarum
483 236 731 291 Troiugenis
756 236 920 278 factura
944 240 987 277 et
1010 235 1151 277 nobile
1175 234 1372 283 fulcrum,

297 311 369 353 sed
392 311 506 352 nudo
530 311 662 352 latere
685 316 728 352 et
752 311 894 365 paruis
919 311 1033 352 frons
1057 323 1177 351 aerea
1201 309 1322 350 lectis

298 387 385 428 uile
408 387 598 428 coronati
622 391 748 440 caput
773 386 1023 428 ostendebat
1047 385 1179 435 aselli,

298 462 352 503 ad
376 463 487 517 quod
510 462 659 503 lasciui
683 463 888 503 ludebant
911 462 1017 502 ruris
1040 461 1217 502 alumni.

299 537 424 591 [tales
448 551 546 592 ergo
569 538 655 579 cibi
679 538 817 592 qualis
842 538 992 579 domus
1015 542 1144 591 atque
1169 535 1368 590 supellex.

165 623 228 654 100
297 618 402 654 tunc
424 613 542 654 rudis
565 618 608 653 et
634 612 783 654 Graias
806 613 955 653 mirari
979 613 1146 654 nescius
1171 616 1284 653 artes

299 688 476 729 urbibus
499 689 657 730 euersis
680 689 930 742 praedarum
954 689 1000 729 in
1023 693 1143 742 parte
1166 692 1331 742 reperta

299 777 552 818 magnorum
575 764 791 805 artificum
816 764 1038 818 frangebat
1062 763 1213 817 pocula
1237 763 1372 812 miles,

300 844 350 880 ut
374 839 559 893 phaleris
583 840 787 895 gauderet
812 853 910 881 ecus
933 840 1178 894 caelataque
1201 839 1330 880 cassis

301 915 532 956 Romuleae
556 915 782 956 simulacra
806 915 916 956 ferae
941 928 1231 956 mansuescere
1255 914 1392 954 iussae

167 1000 230 1031 105
300 990 469 1044 imperii
493 990 594 1039 fato,
617 991 809 1045 geminos
834 991 912 1032 sub
937 1004 1043 1045 rupe
1070 990 1270 1040 Quirinos

301 1079 349 1106 ac
372 1066 532 1106 nudam
556 1066 738 1121 effigiem
762 1066 812 1106 in
835 1066 968 1120 clipeo
993 1066 1206 1106 uenientis
1230 1069 1273 1106 et
1297 1065 1420 1105 hasta

300 1141 611 1195 pendentisque
636 1141 704 1182 dei
727 1142 915 1195 perituro
940 1141 1180 1182 ostenderet
1203 1140 1328 1181 hosti.

301 1216 517 1270 ponebant
541 1216 676 1271 igitur
700 1216 834 1257 Tusco
859 1216 1018 1256 farrata
1043 1216 1209 1256 catino:

301 1291 467 1346 argenti
491 1291 605 1345 quod
630 1296 721 1332 erat
745 1291 845 1332 solis
870 1291 1062 1346 fulgebat
1087 1291 1133 1331 in
1157 1290 1296 1331 armis.

169 1378 230 1409 110
301 1368 445 1409 onmia
470 1372 585 1417 tunc,
609 1367 765 1422 quibus
789 1368 995 1416 inuideas,
1019 1368 1054 1408 si
1079 1366 1288 1408 liuidulus
1312 1366 1380 1406 sis.

302 1442 561 1497 templorum
586 1456 753 1497 quoque
777 1443 976 1484 maiestas
1000 1442 1276 1496 praesentior,
1299 1446 1342 1482 et
1366 1454 1450 1481 uox

301 1523 422 1560 nocte
447 1518 531 1559 fere
555 1518 695 1559 media
719 1518 986 1572 mediamque
1010 1518 1158 1559 audita
1181 1531 1255 1572 per
1279 1517 1427 1557 urbem

303 1594 428 1635 litore
452 1594 506 1634 ab
533 1594 691 1635 Oceani
717 1594 856 1634 Gallis
880 1594 1155 1634 uenientibus
1179 1598 1223 1634 et
1247 1592 1314 1633 dis

303 1669 491 1710 officium
515 1669 628 1710 uatis
652 1670 963 1724 peragentibus.
1035 1669 1102 1710 his
1127 1668 1297 1709 monuit
1320 1681 1407 1716 n0S‚

169 1756 232 1786 115
301 1744 412 1785 hanc
437 1744 562 1785 rebus
586 1745 723 1785 Latiis
746 1758 890 1785 curam
915 1749 1129 1798 praestare
1153 1743 1316 1784 solebat

308 1819 454 1860 fictilis
477 1824 521 1860 et
545 1819 664 1860 nullo
689 1820 877 1860 uiolatus
902 1819 1098 1873 Iuppiter
1120 1832 1233 1859 auro.

306 1895 382 1935 illa
406 1894 521 1935 domi
545 1899 670 1936 natas
694 1899 923 1948 nostraque
947 1908 999 1934 ex
1024 1895 1175 1935 arbore
1198 1907 1365 1934 mensas

304 1976 498 2024 tempora
523 1969 754 2011 uiderunt:
789 1971 865 2011 hos
890 1970 1055 2024 lignum
1080 1969 1221 2010 stabat
1246 1968 1299 2009 ad
1323 1982 1436 2017 usus,

306 2058 512 2086 annosam
536 2044 573 2085 si
596 2045 704 2085 forte
728 2058 880 2085 nucem
905 2044 1110 2086 deiecerat
1128 2057 1264 2085 eurus.

237 2171 277 2199 99
310 2165 512 2198 Marklando
542 2169 722 2208 praeeunte
746 2166 810 2198 del.
838 2166 1065 2204 Heinrichius,
1096 2165 1238 2197 absurde
1265 2165 1446 2197 confictum
1471 2163 1514 2196 ad
1539 2163 1711 2206 exemplar

172 2229 287 2250 uersus
319 2219 380 2250 108
482 2219 552 2250 cibi
582 2217 658 2256 ΡΨ,
690 2219 761 2250 uiri
788 2219 857 2250 cibi
888 2218 990 2250 Burn.
1009 2219 1094 2256 192;
1125 2229 1162 2249 ac
1192 2228 1271 2249 sane
1297 2217 1409 2249 minus
1439 2217 1593 2258 ineptum
1625 2217 1712 2248 esset

172 2271 257 2301 uiri.
355 2274 417 2302 100
437 2271 524 2302 tunc
545 2271 674 2308 PAGU,
694 2272 773 2302 tum
793 2271 904 2302 FLO'I'
999 2271 1133 2310 graiias
1154 2269 1249 2301 Voss.
1278 2271 1317 2301 18
1338 2271 1379 2301 ut
1400 2267 1546 2308 uidetur,
1571 2267 1710 2308 gratias

173 2322 275 2353 Paris.
290 2322 374 2353 9345
462 2326 524 2353 103
538 2330 643 2353 aecus
656 2322 693 2359 P,
707 2331 818 2362 equus
831 2321 868 2353 Ψ
956 2326 1018 2353 106
1031 2323 1069 2353 in
1080 2320 1156 2353 add.
1171 2320 1276 2353 Hadr.
1291 2320 1445 2352 Valesius
1531 2320 1711 2352 uenientis

171 2372 260 2406 PEG
282 2373 416 2415 aliique,
437 2374 650 2405 fu1÷÷÷÷÷÷entis
674 2375 715 2412 U,
735 2374 906 2413 fulgentis
921 2372 959 2405 Ψ
976 2376 1010 2405 et
1025 2384 1113 2405 man.
1135 2375 1154 2404 2
1173 2375 1213 2412 U,
1234 2374 1397 2414 clipeoque
1414 2372 1552 2404 nitentis
1568 2371 1712 2403 Mei-rius

260 2425 402 2468 Vergilii
417 2424 519 2465 loeus,
537 2436 636 2467 quem
652 2425 696 2457 ad
711 2426 876 2457 soloecum
893 2425 1035 2458 ablatiui
1050 2436 1148 2457 usum
1164 2425 1330 2457 tuendum
1346 2424 1523 2464 aduocant,
1540 2424 1614 2456 buc.
1631 2432 1657 2456 x
1669 2425 1711 2455 24

173 2488 233 2520 sq„
253 2478 300 2509 sic
323 2477 518 2509 scribendus
541 2480 601 2516 est,
621 2479 714 2509 uenit
737 2481 765 2509 et
787 2479 924 2518 ayrestis
945 2479 1023 2517 (acc.
1049 2478 1145 2520 plur„
1162 2479 1284 2518 aqresti
1299 2477 1391 2517 libri)
1408 2477 1526 2518 capitis
1542 2477 1712 2508 Siluanus

173 2530 308 2561 honores
324 2529 456 2570 (honore
477 2529 570 2568 libri)
592 2527 596 2569 ἱ
609 2529 761 2569 florentis
774 2530 914 2570 ferulas
935 2533 964 2561 et
986 2530 1134 2569 qrandia
1158 2530 1238 2561 lilia
1260 2540 1443 2570 quassans;
1467 2528 1547 2560 haec
1564 2528 1654 2559 enim
1669 2537 1709 2559 ex

174 2581 330 2613 Lucretio
346 2580 449 2613 ducta
465 2583 554 2620 sunt,
576 2589 616 2612 IV
632 2582 694 2613 586
719 2592 766 2623 sq.
784 2583 860 2613 Pcm
881 2580 885 2622 Ι
899 2583 1004 2622 pinea
1026 2583 1175 2623 semiferi
1197 2582 1315 2622 capitis
1336 2582 1512 2613 ‘uelamina
1534 2589 1706 2621 quassans.

176 2632 371 2665 Buecheleri
398 2633 685 2674 interpretationi,
715 2643 781 2674 qua
808 2633 1060 2674 coniunguntur
1090 2634 1224 2674 effiyiem
1253 2634 1354 2674 clipeo
1384 2636 1413 2665 et
1442 2633 1540 2664 hasta
1565 2632 1706 2669 nudam,

174 2683 292 2715 fauent
303 2682 403 2716 Ouid.
420 2683 495 2715 fast.
518 2691 562 2714 111
578 2685 594 2714 1
612 2685 647 2714 et
665 2685 693 2721 9,
712 2684 849 2715 fortasse
871 2684 973 2715 etiam
988 2684 1112 2716 Tibull.
1132 2693 1160 2715 11
1178 2686 1195 2716 5
1214 2685 1265 2723 54,
1284 2684 1496 2726 refragantur
1512 2683 1593 2714 artis
1605 2682 1712 2713 moni—

174 2736 289 2766 menta
377 2738 439 2766 113
452 2735 574 2766 oceani
586 2735 686 2773 PGU,
701 2743 830 2767 oceano
843 2733 880 2766 Ψ
968 2739 1030 2767 118
1042 2736 1106 2767 hos
1119 2734 1166 2774 Ψ,
1183 2736 1248 2767 hoc
1260 2736 1359 2773 PGU,
1376 2733 1466 2777 quod
1478 2734 1506 2765 si
1519 2732 1708 2774 recipietur,

174 2783 256 2816 ordo
272 2784 336 2817 erit
353 2785 486 2825 Ziqnum
500 2785 606 2816 stabat
621 2785 666 2816 ad
684 2785 740 2816 hoc
760 2795 840 2816 usus
858 2785 943 2827 (gen.
965 2786 1048 2827 sing.
1057 2786 1078 2825 ),
1099 2784 1135 2816 id
1158 2788 1209 2817 est
1231 2786 1276 2817 ad
1298 2786 1386 2817 hunc
1407 2794 1531 2822 usum3
1554 2793 1634 2814 nam
1657 2782 1714 2814 hoc

176 2835 309 2875 Ziynum
329 2835 563 2878 importunum
586 2838 646 2875 est,
674 2835 804 2867 nudum
827 2846 952 2867 usuum
975 2846 1097 2868 nomen
1116 2846 1214 2867 sensu
1231 2838 1328 2868 caret.
1378 2845 1505 2874 uerum,
1526 2837 1565 2865 ut
1581 2833 1710 2875 opinor,

174 2889 314 2928 apparet
325 2886 478 2919 librarios
494 2887 549 2919 hos
565 2886 608 2919 ad
624 2888 759 2930 propius
775 2887 1028 2920 substantiuum
1045 2887 1309 2920 accommodasse
1396 2888 1443 2919 ad
1455 2888 1522 2926 ΡΑ,
1538 2887 1576 2918 in
1588 2883 1626 2916 Ψ
