1947 3145
247 112 272 157 7
282 115 305 155 6
845 115 1173 157 IVVENALIS

376 244 484 285 pone
509 237 552 273 et
575 233 795 281 auaritiae,
819 233 1014 273 miserere
1039 233 1215 287 inopum
1241 234 1475 275 sociorum:

266 315 305 345 90
374 319 465 347 ossa
489 306 608 347 uides
632 320 774 347 rerum
799 307 945 348 uacuis
969 312 1121 348 exucta
1144 308 1354 350 medullis.

375 381 534 435 respice
559 381 665 435 quid
690 386 891 422 moneant
915 382 1038 436 leges,
1063 383 1168 437 quid
1192 383 1307 424 curia
1331 383 1517 432 mandet,

377 456 563 509 praemia
588 461 749 509 quanta
773 456 903 497 bonos
926 461 1142 507 maneant,
1167 472 1295 512 quam
1320 458 1500 499 fuhnine
1525 458 1639 500 iusto

375 535 418 570 et
443 529 595 584 Capito
619 535 662 571 et
686 531 820 571 Tutor
843 531 1007 573 ruerint
1031 532 1262 573 damnante
1287 538 1438 574 senatu

375 605 537 658 piratae
564 604 759 646 Cilicum.
830 606 902 647 sed
927 607 1030 661 quid
1054 608 1272 650 damnatio
1297 608 1493 649 confert?

264 691 304 721 95
375 693 633 734 praeconem,
659 680 905 736 Chaerippe‚
930 683 1018 724 tuis
1041 684 1318 737 circumspice
1347 683 1516 737 pannis,

373 768 471 795 cum
496 755 634 795 Pansa
658 756 814 810 eripiat
839 757 1051 811 quidquid
1075 758 1157 799 tibi
1183 759 1321 799 Natta
1345 758 1532 812 reliquit,

373 829 542 883 iamque
567 834 683 871 tace:
719 830 834 872 furor
858 837 923 874 est
946 838 1042 886 post
1067 833 1211 873 omnia
1235 833 1407 887 perdere
1431 833 1620 875 naulum.

372 917 457 944 non
482 903 597 945 idem
621 906 807 960 gemitus
832 906 935 947 olim
959 921 1095 962 neque
1120 907 1279 948 uulnus
1303 911 1395 948 erat
1419 921 1496 961 par

372 978 627 1020 damnorum
653 980 776 1021 sociis
800 981 1049 1023 florentibus
1073 988 1117 1023 et
1140 983 1264 1023 modo
1289 983 1427 1024 uictis.

240 1063 300 1093 100
369 1053 496 1107 plena
517 1054 668 1096 domus
694 1060 798 1097 tunc
822 1057 971 1106 omnis,
995 1062 1038 1098 et
1062 1058 1213 1112 ingens
1237 1058 1379 1098 stabat
1403 1070 1578 1099 aceruus

371 1142 657 1178 nummorum,
683 1130 894 1184 Spartana
917 1132 1122 1186 chlamys,
1147 1132 1371 1186 conchylia
1397 1132 1492 1181 Coa,

370 1208 413 1244 et
438 1217 533 1244 cum
559 1205 777 1246 Parrhasii
802 1207 964 1248 tabulis
989 1208 1204 1263 signisque
1229 1208 1427 1262 Myronis

371 1279 623 1320 Phidiacum
648 1281 823 1323 uiuebat
847 1282 962 1331 ebur,
986 1296 1064 1323 nec
1087 1297 1171 1323 non
1196 1282 1403 1336 Polycliti

370 1353 534 1395 multus
559 1355 717 1409 ubique
742 1356 871 1406 labor,
894 1371 1013 1398 rarae
1038 1358 1127 1399 sine
1151 1358 1348 1398 Mentore
1373 1371 1554 1398 mensae.

239 1439 298 1469 105
370 1423 502 1479 †inde
526 1430 750 1472 Dolabella
774 1438 903 1486 atque
929 1433 1031 1474 hinc
1055 1433 1288 1481 Antonius,
1313 1433 1413 1474 inde

369 1504 600 1559 sacrilegus
625 1506 778 1547 Verres
802 1507 1046 1548 referebant
1070 1508 1258 1548 nauibus
1283 1507 1384 1549 altis

369 1579 534 1620 occulta
558 1580 695 1634 spolia
719 1586 762 1622 et
785 1582 930 1635 plures
956 1582 1005 1623 de
1029 1596 1130 1636 pace
1155 1583 1410 1636 triumphos.

368 1668 482 1695 nunc
506 1655 627 1696 sociis
651 1656 752 1710 iuga
775 1670 910 1710 pauca
935 1658 1073 1706 bourn,
1099 1671 1201 1712 grex
1226 1671 1387 1711 paruus
1411 1670 1630 1711 equarum,

369 1734 413 1769 et
436 1734 558 1783 pater
583 1732 766 1772 armenti
791 1737 914 1786 capto
939 1733 1142 1786 eripietur
1165 1733 1315 1787 agello,

237 1814 298 1843 110
367 1804 450 1858 ipsi
475 1804 626 1845 deinde
651 1806 789 1856 Lares,
813 1807 848 1848 si
874 1807 987 1861 quod
1011 1808 1241 1862 spectabile
1266 1809 1450 1862 signum,

368 1879 403 1919 si
428 1880 525 1933 quis
549 1881 595 1921 in
620 1881 813 1923 aedicula
839 1882 941 1924 deus
966 1884 1144 1934 unicus3
1181 1884 1283 1924 haec
1307 1884 1467 1924 etenim
1492 1888 1598 1924 sunt

367 1968 444 2007 pro
469 1956 657 1997 summis.
727 1958 823 2010 quis
846 1964 947 1999 sunt
972 1959 1075 1999 haec
1100 1959 1300 2007 maxima,
1325 1958 1531 2012 despicias
1555 1964 1604 1999 tu

301 2037 340 2064 90
356 2042 476 2065 rerum
494 2035 620 2074 PFGU,
639 2044 763 2075 regum
779 2037 895 2070 ALO'I'
976 2040 1104 2070 exucta
1127 2039 1221 2077 POT,
1245 2040 1397 2070 exaucta
1413 2047 1494 2069 corr.
1515 2037 1551 2068 in
1567 2037 1717 2069 exsucta
1731 2036 1770 2073 G,

235 2085 377 2116 exlucta
393 2085 433 2123 U,
454 2088 583 2118 exusta
598 2087 633 2125 L,
655 2090 782 2120 exsuta
798 2089 834 2127 T,
856 2091 993 2122 exsicca
1008 2091 1039 2121 A
1128 2094 1168 2122 93
1184 2091 1286 2122 tutor
1301 2087 1378 2127 ΣΨ,
1399 2091 1476 2121 toto
1493 2090 1527 2127 F,
1547 2089 1705 2120 numitor
1719 2088 1772 2120 ΡΞ

185 2153 187 2156 <
234 2135 358 2177 aliique
375 2146 414 2167 ex
431 2136 528 2178 Verg.
547 2138 629 2170 Aen.
651 2147 691 2170 VI
709 2140 770 2172 768
787 2144 825 2171 ut
842 2141 1031 2182 suspicatur
1049 2141 1174 2173 Hosius
1263 2145 1302 2173 96
1320 2142 1409 2172 nata.
1424 2141 1602 2181 relinquid
1617 2140 1643 2171 P
1731 2143 1773 2172 98

234 2196 346 2226 neque
370 2188 438 2226 PA,
457 2198 521 2220 nec
537 2188 574 2220 Ψ
663 2195 726 2223 100
750 2201 896 2224 aceruos
921 2192 1019 2234 Sang.
1042 2193 1072 2224 D
1098 2195 1160 2224 236
1178 2193 1250 2230 871,
1269 2193 1355 2224 Brit.
1384 2193 1499 2230 30861,
1524 2191 1619 2222 Harl.
1638 2191 1722 2224 3872
1739 2195 1773 2222 et

234 2237 371 2270 sortasse
389 2240 414 2270 P
502 2245 565 2272 105
589 2241 779 2274 Dolabellae
804 2243 986 2285 Rupertius
1073 2246 1155 2276 hinc
1179 2243 1251 2279 ΡΨ,
1272 2245 1395 2275 mnino
1418 2243 1502 2274 Brit.
1522 2244 1637 2281 30861,
1658 2241 1775 2273 dehinc

234 2289 480 2330 Laehmannus,
500 2292 578 2323 hinc
593 2296 689 2333 atque
704 2295 782 2326 hinc
798 2294 997 2327 lVeidnerus
1085 2297 1272 2328 cantonius
1289 2297 1339 2328 PS
1429 2299 1492 2327 109
1509 2295 1682 2334 eripietur
1696 2291 1769 2334 ΨΡ,

233 2342 430 2381 eripientur
453 2344 490 2382 G,
512 2346 668 2385 eripiuffi
694 2347 728 2383 P,
747 2348 951 2387 eripiuntur
974 2348 1058 2380 Brit.
1077 2350 1181 2380 30861
1208 2346 1435 2389 Gaybacensis
1455 2349 1474 2378 2
1497 2346 1621 2388 aliique
1709 2348 1772 2378 111

233 2396 267 2424 et
291 2397 353 2425 112
377 2393 441 2426 del.
462 2395 590 2435 Mauso,
619 2397 754 2429 inanem
778 2400 959 2441 strepitum
982 2400 1160 2432 uerborum
1184 2399 1275 2432 idem
1300 2399 1566 2441 significantium
1589 2408 1665 2429 cum
1688 2396 1773 2428 falsa

232 2446 424 2486 argumenti
440 2445 612 2479 adserendi
628 2450 736 2490 specie
753 2450 951 2483 iteratorum
967 2462 1098 2483 summo
1115 2453 1186 2483 iure
1210 2454 1383 2483 auersatus
1402 2462 1409 2490 ;
1434 2460 1535 2492 quam
1555 2449 1771 2481 offensionem

232 2495 336 2526 lenire
353 2500 492 2529 conatus
510 2497 732 2532 Buechelerus
756 2513 836 2534 nam
856 2513 887 2534 u.
911 2506 972 2535 112
994 2504 1030 2535 in
1052 2506 1122 2535 iam
1138 2502 1342 2535 mutandum
1359 2501 1513 2534 coniecit.
1562 2500 1619 2532 sed
1643 2498 1772 2532 accedit

232 2547 323 2589 quod
350 2548 549 2581 inusitatam
575 2557 675 2593 atque
706 2553 788 2585 adeo
821 2555 999 2588 molestam
1030 2556 1192 2587 orationis
1219 2556 1361 2587 formam
1393 2564 1471 2595 prae
1494 2563 1527 2584 se
1549 2552 1664 2584 ferunt
1686 2561 1772 2594 quae

232 2602 420 2640 sequuntur
434 2601 594 2641 despicias
610 2605 805 2643 tuforsitan
829 2631 835 2638 .
865 2631 872 2638 .
902 2631 908 2638 .
940 2608 1130 2647 Corinthon,
1152 2608 1312 2647 despicias
1327 2606 1454 2643 merito,
1471 2606 1512 2635 ut
1523 2602 1713 2646 quaerenda
1725 2603 1771 2635 sit

232 2651 422 2683 emendatio
438 2663 523 2694 quae
539 2654 672 2696 utrique
688 2656 900 2690 incommodo
916 2659 1098 2691 medeatur.
1144 2669 1211 2701 qua
1227 2659 1255 2690 si
1271 2657 1306 2689 id
1323 2666 1454 2699 quoque
1471 2655 1626 2687 effectum
1640 2655 1715 2694 erit,
1731 2658 1773 2686 ut

231 2703 418 2735 sententiae
449 2705 562 2746 aptius
594 2710 813 2740 consectantur
843 2720 950 2752 neque
974 2714 1045 2743 tam
1069 2710 1183 2742 subito
1208 2709 1250 2741 ad
1273 2719 1400 2741 nouum
1424 2709 1639 2749 praeceptum
1662 2705 1770 2748 digre-

231 2753 346 2786 diatur
369 2756 484 2795 oratio,
513 2767 610 2788 nemo
635 2759 754 2800 opinor
775 2762 973 2801 grauabitur
1062 2768 1124 2795 112
1148 2761 1248 2802 quis*
1273 2759 1494 2793 distinctione
1517 2761 1660 2797 mutata,
1687 2766 1771 2790 nam

231 2805 305 2837 ΡΨ.
352 2806 560 2839 scribebatur
576 2820 640 2849 pro
661 2813 810 2850 summis,
839 2824 919 2844 ozam
941 2817 1018 2845 sunt
1041 2815 1118 2845 haec
1140 2814 1302 2845 mamma.
1351 2811 1513 2851 despicias
1535 2813 1572 2840 tu
1597 2809 1601 2849 1
1616 2811 1771 2850 forsitan

234 2858 364 2890 inbellis
390 2862 452 2890 etc.
502 2859 579 2891 uide
603 2860 698 2893 Lucr.
727 2871 751 2893 v
776 2865 837 2894 104
861 2875 908 2906 sq.
938 2866 1034 2896 dictis
1057 2866 1148 2896 dabit
1172 2866 1245 2905 ipsa
1261 2864 1366 2904 fidem
1388 2872 1439 2894 res
1458 2860 1462 2903 Ι
1475 2862 1637 2902 forsitan,
1665 2859 1766 2893 Ouid.

229 2909 300 2942 her.
322 2918 351 2942 11
369 2912 430 2942 103
448 2921 496 2953 sq.
517 2915 545 2943 te
561 2913 633 2944 iam
648 2917 729 2945 tenet
745 2915 852 2946 altera
868 2918 1014 2948 coniunx
1034 2916 1200 2958 {forsitan
