1947 3145
267 110 356 151 108
859 107 1188 148 IVVENALIS

394 227 563 268 ramitis
586 227 773 277 urticae3
808 225 942 266 maior
966 229 1110 265 tamen
1134 224 1220 265 ista
1243 224 1444 278 uoluptas

394 303 569 344 alterius
593 316 742 352 sexus,
777 301 913 355 magis
937 300 1010 340 ille
1034 300 1295 349 extenditur,
1318 305 1361 341 et
1385 313 1485 340 mox

261 388 322 420 170
392 378 566 418 auribus
591 382 719 430 atque
744 376 876 416 oculis
900 380 1102 429 concepta
1125 375 1251 415 urina
1274 379 1481 416 mouetur.

394 467 479 493 non
503 452 619 505 capit
644 451 720 491 has
745 464 881 505 nugas
904 450 1081 490 humilis
1105 449 1264 490 domus.
1335 449 1483 490 audiat
1507 448 1581 490 ille

395 531 603 568 testarum
628 525 816 579 crepitus
840 538 938 565 cum
963 525 1114 573 uerbis,
1138 524 1303 564 nudum
1327 524 1439 564 olido
1464 528 1583 564 stans

394 602 550 642 fornice
575 600 837 654 mancipium
863 600 1018 654 quibus
1043 599 1241 649 abstinet,
1266 599 1340 640 ille
1364 599 1535 640 fruatur

392 677 566 717 uocibus
590 675 807 716 obscaenis
832 675 1032 728 omnique
1055 674 1250 715 libidinis
1274 680 1376 723 arte,

261 762 320 793 175
390 752 464 805 qui
489 750 870 791 Lacedaemonium
894 750 1129 804 pytismate
1153 750 1336 790 lubricat
1361 749 1530 800 orbem;

391 839 573 880 namque
597 826 658 866 ibi
683 826 880 866 fortunae
903 826 1076 866 ueniam
1102 825 1262 865 damus.
1334 824 1425 865 alea
1449 824 1601 878 turpis,

392 907 514 955 turpe
538 905 581 941 et
606 900 867 941 adulterium
891 900 1199 941 mediocribus:
1235 900 1339 940 haec
1363 899 1509 940 eadem
1534 899 1601 939 illi

391 976 533 1016 omnia
557 990 653 1017 cum
678 976 858 1025 faciunt,
883 975 1038 1016 hilares
1062 975 1278 1029 nitidique
1302 978 1520 1015 uocantur.

390 1056 536 1092 nostra
561 1052 727 1093 dabunt
752 1051 857 1092 alios
881 1051 1007 1092 hodie
1031 1051 1232 1092 conuiuia
1256 1051 1402 1092 ludos:

258 1137 319 1168 180
388 1127 583 1168 conditor
609 1127 768 1168 Iliados
792 1127 1039 1168 cantabitur
1063 1132 1191 1181 atque
1216 1126 1409 1167 Maronis

389 1202 563 1244 altisoni
587 1203 761 1244 dubiam
786 1203 987 1244 facientia
1010 1203 1200 1243 carmina
1224 1202 1423 1256 palmam.

390 1278 494 1332 quid
517 1278 660 1327 refert,
685 1278 791 1319 tales
815 1292 965 1319 uersus
990 1292 1072 1332 qua
1096 1291 1197 1319 uoce
1221 1278 1451 1332 legantur?

457 1353 529 1394 sed
553 1367 669 1394 nunc
694 1353 842 1395 dilatis
866 1359 1012 1395 auerte
1036 1354 1209 1409 negotia
1233 1353 1346 1394 curis

390 1433 434 1469 et
458 1433 625 1483 gratam
649 1430 839 1483 requiem
863 1429 974 1470 dona
999 1429 1093 1478 tibi,
1117 1428 1286 1483 quando
1309 1428 1457 1469 licebit

258 1515 317 1545 185
387 1518 461 1558 per
486 1510 626 1546 totum
651 1519 811 1546 cessare
836 1504 958 1546 diem.
1029 1518 1114 1545 non
1139 1504 1324 1545 faenoris
1348 1502 1437 1543 ulla

390 1580 552 1621 mentio
577 1594 666 1630 nec,
690 1580 829 1635 prima
854 1581 889 1621 si
914 1580 1008 1621 luce
1033 1593 1196 1634 egressa
1219 1579 1380 1620 reuerti

390 1660 515 1696 nocte
540 1656 658 1705 solet,
684 1657 816 1697 tacito
840 1656 971 1696 bilem
995 1655 1077 1696 tibi
1102 1655 1341 1703 contrahat,
1366 1666 1475 1694 uxor

390 1730 538 1771 umida
561 1731 768 1785 suspectis
791 1731 976 1771 referens
1000 1730 1195 1771 multicia
1219 1730 1338 1784 rugis

391 1811 653 1861 uexatasque
678 1821 817 1848 comas
841 1811 884 1848 et
908 1805 1083 1847 uultum
1107 1818 1335 1859 auremque
1359 1804 1579 1846 calentem.

325 1949 386 1976 168
416 1945 590 1983 ramitia*
621 1947 747 1978 diuitis
779 1944 853 1984 ΡΨ,
889 1944 979 1987 quod
1010 1955 1085 1977 cum
1116 1944 1287 1976 inutiliter
1316 1943 1482 1985 anticipat
1511 1943 1546 1975 id
1577 1942 1668 1985 quod
1698 1945 1799 1985 poeta

259 1997 410 2028 uersibus
428 1998 532 2030 171-8
554 1997 706 2030 dicturus
723 2000 782 2036 est,
802 2001 877 2029 tum
901 2007 938 2029 ea
954 2007 1038 2038 quae
1061 1997 1210 2038 proxime
1226 1999 1414 2038 sequuntur
1437 1995 1529 2027 omni
1552 2005 1651 2027 sensu
1670 1995 1793 2037 priuat.

261 2058 338 2078 nam
356 2058 432 2080 cum
447 2058 562 2081 uersus
580 2049 640 2082 167
658 2059 716 2091 sq.‚
734 2052 774 2081 ut
789 2049 892 2090 uulgo
908 2049 1110 2087 scribuntur,
1130 2047 1282 2079 neutrius
1298 2057 1396 2079 sexus
1419 2047 1698 2089 significationem
1721 2056 1797 2079 con-

261 2099 401 2137 tineant,
429 2102 489 2132 165
514 2111 562 2143 sq.
590 2104 704 2133 autem
730 2101 916 2142 utriusque,
943 2103 983 2132 ut
1012 2103 1127 2132 tamen
1159 2099 1267 2131 multo
1297 2099 1404 2141 magis
1435 2100 1581 2131 emineat
1610 2098 1796 2138 muliebris,

262 2152 415 2192 sequitur
426 2155 466 2184 ut
478 2152 579 2184 uerba
591 2154 732 2184 alterius
744 2163 838 2184 sexus
852 2163 884 2184 u.
907 2154 968 2183 169
985 2155 1046 2183 aut
1061 2151 1149 2183 nihil
1162 2151 1309 2183 habeant
1322 2152 1376 2182 cui
1388 2162 1405 2182 e
1418 2151 1585 2183 contrario
1596 2151 1794 2190 reserantur,

261 2207 329 2242 aut,
351 2203 441 2246 quod
457 2204 639 2237 absurdum
656 2207 715 2242 est,
732 2205 822 2236 uiros
839 2204 1042 2246 significent.
1088 2204 1203 2245 itaque
1220 2204 1256 2235 in
1276 2214 1393 2235 uersus
1410 2204 1471 2237 167
1489 2214 1536 2245 sq.
1557 2202 1732 2235 inferenda
1748 2206 1800 2235 est

262 2255 371 2287 uirilis
394 2266 491 2288 sexus
514 2257 651 2289 mentio.
702 2257 834 2289 ramitis
857 2257 927 2288 siue
951 2256 1083 2288 ramicis
1103 2255 1195 2295 (uide
1210 2265 1236 2287 X
1252 2257 1314 2288 205
1332 2258 1413 2287 iacet
1429 2257 1569 2296 exiquus
1583 2266 1658 2287 cum
1673 2255 1800 2287 ramice

261 2307 400 2346 neruus)
418 2310 452 2339 et
468 2307 602 2340 hirneae
619 2308 709 2348 (uide
725 2317 765 2340 VI
783 2310 843 2340 325
862 2319 910 2350 sq.
931 2308 1051 2349 quibus
1071 2308 1204 2339 incendi
1227 2332 1234 2339 .
1263 2331 1270 2339 .
1300 2332 1307 2340 .
1334 2308 1483 2339 Nestoris
1505 2307 1626 2339 hirnea
1647 2307 1748 2347 possit
1765 2309 1800 2338 et

262 2357 429 2390 Martialis
452 2359 563 2391 locum
584 2360 633 2391 ibi
656 2359 821 2399 adlatum)
838 2360 973 2391 nomine
997 2359 1212 2401 appellantur
1227 2358 1310 2390 colei
1325 2358 1380 2390 uel
1396 2358 1618 2400 praegrandes
1635 2359 1688 2398 (ut
1708 2356 1799 2400 apud

262 2409 381 2449 Mart.)
397 2409 453 2441 uel
468 2410 512 2442 ad
533 2421 687 2443 uenerem
711 2411 882 2443 tardiores.
932 2411 997 2442 huc
1021 2411 1202 2452 respexisse
1225 2410 1361 2442 uidetur
1384 2409 1413 2442 Σ
1435 2421 1510 2442 cum
1535 2409 1578 2442 ad
1598 2420 1630 2442 u.
1653 2411 1714 2441 163
1730 2418 1798 2440 non

263 2461 344 2492 satis
360 2464 511 2494 accurate
527 2463 705 2495 adnotaret
720 2473 802 2503 quae
825 2473 884 2494 suo
899 2466 990 2494 motu
1003 2463 1144 2503 faciunt
1165 2462 1346 2493 barbatos
1363 2463 1441 2502 paci
1458 2462 1697 2502 przcriqinem3
1720 2458 1799 2492 uide

263 2512 365 2543 etiam
382 2512 506 2545 Catull.
529 2515 568 2545 16
586 2516 667 2546 9-11
693 2518 721 2545 et
744 2515 830 2555 quod
846 2515 988 2555 pruriat
1010 2515 1152 2545 incitare
1168 2517 1318 2554 possunt,
1343 2513 1346 2554 Ι
1366 2524 1433 2545 mm
1447 2514 1520 2545 dico
1529 2514 1658 2554 pueris,
1676 2512 1731 2543 sed
1745 2511 1800 2543 his

257 2564 378 2603 pilosis
399 2563 403 2605 Ι
422 2565 482 2605 qui
507 2565 608 2596 duros
634 2569 797 2606 nequeunt
823 2576 952 2597 mouere
980 2566 1106 2597 lumbos
1194 2569 1256 2597 169
1284 2564 1450 2596 scholium
1477 2564 1524 2596 sic
1550 2560 1798 2596 emendandum

262 2614 419 2647 uidetur:
444 2624 675 2648 EXTENDITVR
697 2618 743 2648 ad
765 2627 924 2649 ummrem.
951 2618 1094 2648 subant
1122 2617 1194 2656 (sub
1222 2617 1332 2658 Sang.,
1363 2617 1567 2648 subauditur
1592 2614 1698 2654 Pith.)
1725 2614 1801 2646 illis

262 2667 463 2699 saltantibus
550 2672 611 2700 171
628 2669 754 2700 audiat
770 2667 817 2707 Ψ,
837 2670 970 2701 audeat
985 2670 1036 2700 PS
1126 2673 1187 2701 178
1204 2669 1343 2700 faciunt
1360 2667 1457 2700 Laur.
1478 2675 1596 2699 xxxrv
1613 2667 1654 2697 42
1675 2665 1801 2707 aliique

263 2718 351 2750 sicut
373 2719 557 2751 coniecerat
573 2719 608 2751 O.
630 2719 792 2756 Valesius,
810 2721 947 2752 faciant
970 2719 1044 2752 ΡΨ.
1094 2719 1320 2751 indicatiuum
1343 2718 1485 2761 requirit
1507 2718 1696 2750 sententia:
1722 2716 1801 2749 uide

264 2778 304 2800 lx
329 2771 368 2802 63
391 2771 561 2811 improbus
586 2781 617 2802 es
639 2781 714 2802 cum
737 2772 841 2811 poscis
929 2775 991 2803 180
1012 2772 1174 2803 conditor
1199 2770 1248 2809 Ψ,
1272 2772 1482 2803 conducitur
1507 2770 1558 2801 Ps
1647 2772 1710 2801 182
1731 2767 1796 2800 del.

264 2820 479 2854 Sebastianus
582 2826 645 2854 184
667 2823 789 2854 licebit
812 2821 858 2860 Ψ,
883 2823 1015 2854 licebat
1038 2823 1071 2860 P,
1090 2822 1181 2864 quod
1205 2832 1264 2863 pro
1288 2823 1385 2854 licuit
1407 2820 1578 2862 accipiunt
1600 2819 1744 2852 editores
1767 2821 1800 2851 et

262 2872 461 2915 interrogari
478 2876 603 2915 putant
618 2872 753 2915 quando
770 2883 894 2905 cessare
910 2873 1043 2906 licuerit
