1947 3145
188 289 250 322 170

211 1372 251 1403 10

209 1750 249 1781 15

210 2126 251 2156 20

210 2501 251 2533 25

795 87 1029 129 SATVRA
1065 88 1113 129 II
1693 87 1717 131 7

322 206 424 247 haec
448 206 593 246 animo
618 211 720 246 ante
746 206 898 247 tuba-s:
935 206 1153 261 galeatum
1178 219 1269 247 sero
1295 205 1428 246 duelli

319 281 534 335 paenitet?
605 280 799 334 experiar
824 281 929 335 quid
954 280 1212 322 concedatur
1236 281 1281 321 in
1306 281 1403 321 illos

320 370 500 410 quorum
526 356 741 396 Flaminia
767 356 930 411 tegitur
953 356 1062 397 cinis
1087 361 1218 410 atque
1243 356 1407 396 Latina.

809 579 1014 614 sATVRA
1057 579 1098 613 ΙΙ

320 687 450 728 Vltra
475 686 747 728 Sauromatas
774 687 918 742 fugere
943 688 1043 728 hinc
1068 687 1175 727 libet
1200 692 1243 727 et
1268 686 1489 741 glacialem

321 761 550 809 Oceanum,
575 762 774 816 quotiens
799 761 964 816 aliquid
990 761 1040 801 de
1066 762 1255 802 moribus
1279 761 1439 802 audent

321 837 398 891 qui
423 836 574 877 Curios
598 837 808 878 simulant
834 842 876 878 et
902 837 1189 878 Bacchanalia
1213 836 1382 876 uiuunt.

321 911 485 953 indocti
509 912 710 966 primum,
734 925 995 965 quamquam
1021 911 1149 965 plena
1174 911 1316 952 omnia
1340 924 1474 965 gypso

322 987 553 1041 Chrysippi
578 987 802 1036 inuenias3
839 1001 938 1027 nam
962 986 1298 1041 perfectissimus
1322 987 1487 1033 horum,

319 1062 356 1103 si
381 1062 476 1116 quis
501 1062 764 1102 Aristotelen
791 1062 975 1103 similem
1001 1061 1068 1102 uel
1095 1061 1296 1102 Pittacon
1321 1062 1427 1102 emit

322 1142 366 1178 et
390 1137 510 1178 iubet
535 1138 789 1191 archetypos
815 1137 1011 1190 pluteum
1036 1150 1204 1177 seruare
1230 1136 1474 1177 Cleanthas.

321 1212 476 1253 frontis
502 1212 625 1252 nulla
652 1212 780 1261 fides;
816 1212 912 1266 quis
936 1212 1051 1252 enim
1077 1226 1163 1252 non
1189 1212 1308 1251 uicus
1333 1210 1524 1252 abundat

322 1287 520 1328 tristibus
545 1287 794 1328 obscaenis?
863 1287 1046 1341 castigas
1071 1287 1229 1340 turpia,
1254 1300 1352 1326 cum
1377 1286 1433 1327 sis

320 1362 436 1403 inter
461 1362 699 1403 Socraticos
724 1361 948 1402 notissima
974 1362 1082 1402 fossa
1107 1361 1313 1402 cinaedos.

322 1437 494 1491 hispida
517 1437 706 1477 membra
731 1436 904 1490 quidem
929 1441 972 1477 et
997 1436 1129 1477 durae
1154 1450 1226 1490 per
1249 1435 1444 1476 bracchia
1470 1439 1609 1475 saetae

320 1513 588 1567 promittunt
613 1518 800 1554 atrocem
826 1512 1031 1560 animum,
1056 1511 1128 1552 sed
1152 1511 1301 1566 podice
1327 1511 1414 1551 leui

319 1587 556 1630 caeduntur
581 1587 772 1628 tumidae
797 1587 960 1628 medico
986 1587 1153 1628 ridente
1177 1586 1392 1627 mariscae.

321 1676 443 1704 rarus
468 1676 605 1704 sermo
631 1663 719 1703 illis
744 1668 787 1703 et
812 1676 970 1717 magna
995 1662 1131 1702 libido
1157 1661 1327 1702 tacendi

319 1742 448 1793 atque
473 1739 700 1792 supercilio
726 1738 897 1779 breuior
921 1751 1050 1778 coma.
1124 1737 1262 1777 uerius
1286 1750 1384 1790 ergo

320 1818 364 1855 et
387 1814 524 1867 magis
550 1814 734 1868 ingenue
760 1813 1052 1862 Peribomius3
1089 1813 1202 1852 hunc
1227 1825 1301 1866 ego
1327 1811 1427 1851 fatis

321 1889 478 1943 inputo
503 1889 577 1942 qui
603 1888 732 1929 uultu
756 1888 956 1929 morbum
982 1888 1230 1941 incessuque
1256 1887 1430 1927 fatetur.

322 1964 476 2005 horum
500 1963 759 2018 simplicitas
785 1963 1054 2011 miserabilis,
1078 1963 1144 2003 his
1169 1962 1288 2002 furor
1312 1961 1402 2014 ipse

321 2039 396 2080 dat
419 2039 616 2089 ueniam3
652 2039 723 2080 sed
748 2039 939 2092 peiiores,
964 2039 1040 2091 qui
1066 2037 1172 2078 talia
1197 2036 1340 2077 uerbis

321 2114 521 2156 Herculis
546 2114 762 2155 inuadunt
786 2119 829 2154 et
854 2113 905 2153 de
931 2114 1093 2153 uirtute
1118 2112 1252 2153 locuti

321 2189 493 2231 clunem
517 2190 697 2243 agitant.
767 2194 776 2208 ‘
793 2202 868 2243 ego
893 2193 937 2229 te
961 2192 1194 2235 ceuentem,
1220 2187 1360 2234 Sexte,
1384 2185 1560 2227 uerebor
1579 2186 1615 2226 ξ’

321 2264 498 2305 infamis
522 2264 716 2305 Varillus
740 2264 814 2312 ait,
838 2268 947 2317 ‘quo
973 2262 1158 2303 deterior
1183 2267 1224 2303 te
1242 2262 1280 2302 2’

321 2339 556 2394 loripedem
580 2344 723 2380 rectus
748 2338 952 2386 derideat,
976 2338 1236 2391 Aethiopem
1260 2337 1392 2378 albus.

321 2415 420 2470 quis
443 2414 594 2455 tulerit
621 2414 831 2454 Gracchos
856 2413 907 2453 de
932 2413 1143 2454 seditione
1169 2415 1424 2466 querentes?

321 2491 416 2545 quis
440 2489 603 2531 caelum
628 2489 756 2530 terris
780 2503 865 2529 non
890 2489 1067 2529 misceat
1093 2493 1136 2528 et
1160 2501 1274 2528 mare
1298 2488 1412 2529 caelo

321 2566 359 2607 si
383 2565 455 2606 sur
479 2564 706 2618 displiceat
731 2563 867 2613 Verri,
892 2563 1107 2604 homicida
1133 2563 1304 2611 Miloni,

252 2716 314 2745 169
333 2713 451 2744 animo
475 2713 559 2743 ante
581 2711 690 2742 tubas
705 2710 737 2742 A
752 2712 786 2741 et
802 2720 842 2740 ex
866 2719 946 2741 corr.
967 2710 1035 2748 PU,
1056 2710 1174 2741 animo
1196 2711 1281 2742 ante
1297 2711 1422 2742 tubam
1444 2710 1480 2748 L,
1501 2710 1616 2741 anime
1640 2710 1724 2740 ante

186 2765 294 2797 tubas
309 2762 414 2796 Vind.
434 2765 461 2796 Ο
481 2763 582 2794 Prisc.
605 2761 735 2794 G.L.K.
757 2770 802 2793 111
820 2772 851 2803 p.
872 2763 946 2799 236,
966 2762 1147 2793 animante
1162 2762 1270 2793 tubas
1287 2762 1322 2800 P,
1342 2763 1525 2794 animante
1540 2762 1629 2793 tuba
1644 2761 1702 2792 GT

251 2854 271 2881 5
282 2850 408 2882 horum
419 2850 446 2881 P
458 2848 575 2887 vind„
592 2849 718 2881 horum
729 2849 785 2880 est
801 2847 838 2879 Ψ
928 2852 968 2880 19
985 2849 1123 2888 peiores
1139 2846 1213 2887 ΡΨ,
1231 2849 1388 2888 pez-iores
1402 2846 1518 2886 Vind.‚
1535 2845 1612 2878 uide
1630 2855 1669 2878 xv
1684 2847 1722 2877 13
