1947 3145
756 105 988 146 SATVRA
1023 105 1090 147 VI
1623 107 1647 147 5
1658 107 1682 146 9

285 226 322 266 si
346 223 571 266 mediocris
594 223 690 272 erit,
713 224 903 277 spatium
927 222 1131 264 lustrabit
1156 222 1372 276 utrimque

284 304 496 341 metarum
521 303 564 339 et
588 302 719 338 sortes
744 298 870 338 ducet
894 298 1161 351 frontemque
1186 310 1447 351 manumque

284 374 506 429 praebebit
532 373 624 414 uati
649 373 844 413 crebrum
869 386 1106 427 poppysma
1128 372 1309 427 roganti.

148 460 211 492 585
281 449 493 491 diuitibus
516 461 715 502 responsa
739 447 907 489 dabunt
932 448 1079 502 Phryx
1103 461 1243 502 augur
1265 452 1308 489 et
1332 446 1432 488 inde

283 600 533 649 conductus,
557 599 678 640 dabit
701 603 917 640 astrorum
941 599 1177 653 mundique
1201 600 1367 654 peritus

282 682 411 730 atque
435 675 592 729 aliquis
616 675 755 715 senior
778 675 853 729 qui
876 675 1048 728 publica
1073 674 1245 730 fulgura
1268 674 1425 716 condit.

282 751 499 805 plebeium
523 750 569 791 in
593 750 703 791 circo
727 751 916 804 positum
941 755 1005 791 est
1029 754 1072 791 et
1097 751 1143 790 in
1168 763 1320 805 aggere
1343 750 1510 800 fatum3

283 841 393 881 quae
416 825 543 866 nudis
568 825 745 880 longum
769 826 957 867 ostendit
981 827 1217 867 ceruicibus
1241 840 1393 867 aurum

148 913 211 944 590
282 901 467 944 consulit
491 905 590 942 ante
615 901 724 942 falas
748 901 1134 955 delphinorumque
1158 901 1377 942 columnas

281 991 337 1018 an
362 991 462 1032 saga
485 977 693 1018 uendenti
717 977 854 1018 nubat
877 991 1066 1031 caupone
1089 977 1247 1018 relicto.

350 1053 431 1094 hae
455 1057 600 1093 tamen
624 1057 667 1093 et
689 1056 839 1106 partus
863 1053 1049 1093 subeunt
1074 1053 1302 1094 discrimen
1326 1058 1370 1094 et
1394 1052 1533 1093 omnis

281 1128 466 1170 nutricis
491 1127 680 1169 tolerant
705 1128 877 1169 fortuna
902 1132 1108 1181 urguente
1132 1128 1309 1176 labores,

281 1203 354 1245 sed
378 1203 488 1244 iacet
512 1208 663 1244 aurato
688 1203 763 1243 uix
789 1203 878 1243 ulla
903 1217 1112 1257 puerpera
1137 1203 1257 1244 lecto.

147 1289 209 1321 595
280 1283 454 1320 tantum
479 1283 594 1319 artes
618 1279 759 1327 huius,
785 1283 958 1319 tantum
983 1279 1267 1319 medicamina
1292 1283 1482 1332 possunt,

280 1367 389 1409 quae
414 1353 582 1395 steriles
606 1353 712 1394 facit
736 1358 865 1407 atque
890 1354 1084 1394 homines
1107 1355 1153 1394 in
1178 1359 1332 1395 uentre
1356 1354 1565 1395 necandos

278 1429 492 1471 conducit.
562 1429 712 1484 gaude,
736 1429 902 1478 infelix,
926 1434 1055 1483 atque
1080 1430 1171 1483 ipse
1195 1429 1428 1471 bibendum

278 1505 448 1560 porrige
473 1503 687 1558 quidquid
713 1505 819 1555 erit3
855 1519 954 1545 nam
980 1506 1016 1545 si
1041 1505 1284 1546 distendere
1309 1504 1440 1546 uellet

278 1584 322 1621 et
345 1593 500 1621 uexare
524 1584 696 1620 uterum
722 1580 863 1634 pueris
887 1580 1154 1629 salientibus,
1177 1594 1286 1622 esses

143 1665 206 1697 600
275 1655 504 1709 Aethiopis
529 1654 708 1695 fortasse
731 1659 865 1709 pater,
890 1669 991 1696 mox
1017 1655 1184 1696 decolor
1208 1656 1330 1697 heres

277 1730 476 1784 impleret
503 1730 673 1771 tabulas
697 1744 933 1784 numquam
959 1731 1041 1772 tibi
1065 1745 1192 1772 mane
1217 1730 1438 1772 uidendus.

278 1810 449 1846 transeo
474 1805 717 1859 suppositos
740 1810 784 1846 et
807 1805 968 1860 gaudia
992 1810 1179 1860 uotaque
1203 1820 1328 1860 saepe

276 1880 331 1922 ad
355 1893 527 1934 spurcos
551 1880 727 1934 decepta
752 1880 879 1930 lacus,
903 1894 1024 1935 saepe
1049 1882 1148 1922 inde
1172 1882 1332 1935 petitos

276 1955 514 2010 pontifices,
538 1956 666 1997 salios
691 1955 947 1997 Scaurorum
971 1957 1145 1997 nomina
1170 1957 1276 1998 falso

141 2041 204 2072 605
274 2044 446 2085 corpore
470 2031 644 2073 laturos.
714 2035 802 2073 stat
827 2032 1018 2073 Fortuna
1043 2032 1222 2085 inproba
1246 2037 1378 2074 noctu

276 2105 475 2147 adridens
499 2106 627 2147 nudis
651 2106 916 2148 infantibus:
950 2107 1027 2148 hos
1050 2107 1168 2148 fouet
1193 2108 1312 2148 omni

275 2180 548 2235 inuoluitque
573 2181 683 2231 sinu,
707 2182 904 2223 domibus
928 2186 1033 2223 tunc
1056 2183 1241 2238 porrigit
1265 2183 1366 2224 altis

275 2260 567 2310 secretumque
591 2257 674 2297 sibi
698 2258 882 2298 mimum
905 2263 1055 2312 parat,
1091 2258 1168 2298 hos
1191 2262 1320 2307 amat,
1344 2257 1413 2299 his
1437 2271 1479 2299 se

205 2363 268 2392 582
284 2361 464 2400 utrimque
481 2361 516 2399 P,
536 2362 727 2402 utrumque
744 2360 782 2392 Ψ
870 2366 933 2394 585
949 2363 1086 2394 dabunt
1102 2363 1168 2401 PG,
1189 2363 1290 2394 dabit
1305 2363 1400 2401 Pru,
1421 2363 1514 2394 feret
1529 2363 1616 2394 ALO

179 2411 262 2443 inde
273 2409 378 2451 ΡΣΨ,
394 2412 470 2443 indi
482 2412 523 2450 U,
540 2413 646 2444 indus
660 2412 744 2444 Brit.
762 2414 802 2444 15
821 2412 848 2443 Β
864 2422 957 2445 xvn.
1000 2413 1063 2445 hoc
1076 2413 1154 2445 ferri
1170 2416 1291 2456 potest,
1308 2414 1390 2445 Imiz·
1406 2413 1529 2456 plurali
1541 2423 1681 2445 numero

139 2473 208 2495 non
235 2464 327 2503 item,
360 2464 556 2505 praesertim
583 2474 659 2495 cum
690 2467 767 2506 post
797 2466 973 2497 conductus
1004 2465 1313 2507 interpungendum
1344 2476 1413 2497 esse
1443 2465 1608 2505 uideatur,
1641 2470 1681 2497 ut

138 2514 284 2547 alterum
306 2514 496 2546 membrum
519 2526 538 2546 a
560 2515 662 2547 uerbo
685 2517 857 2557 geminato
881 2517 1044 2559 incipiat:
1076 2517 1154 2548 uide
1177 2526 1216 2549 V1
1242 2517 1293 2556 57,
1321 2518 1394 2556 353,
1420 2526 1476 2549 VII
1501 2519 1573 2557 185,
1602 2518 1674 2555 235,

137 2574 211 2598 VIII
228 2567 279 2606 89,
301 2575 343 2598 1x
366 2568 417 2606 19,
436 2576 510 2598 XIII
533 2569 584 2606 34,
607 2567 679 2600 147.
726 2568 812 2599 mihi
832 2579 949 2600 uersus
973 2569 1133 2601 excidisse
1157 2568 1293 2601 uidetur
1315 2570 1374 2611 qui
1397 2570 1584 2602 orationem
1608 2580 1678 2601 sen-

138 2617 351 2660 tentiamque
367 2618 553 2660 expleuerit
569 2618 613 2650 ad
625 2619 712 2651 hanc
729 2620 879 2656 formam,
898 2621 1013 2661 Phryne
1035 2631 1148 2662 augur
1170 2624 1198 2652 et
1221 2622 1299 2652 inde
1317 2621 1376 2653 ubi
1392 2622 1479 2653 croci
1495 2624 1681 2653 nascuntur

137 2669 322 2709 conductus,
346 2670 409 2702 hoc
433 2673 484 2702 est
507 2670 621 2711 Phryx
646 2673 680 2702 et
703 2671 797 2702 uerbi
821 2682 920 2703 causa
944 2672 1056 2711 Cilix3
1079 2673 1202 2705 Cilicas
1226 2673 1316 2704 enim
1341 2672 1474 2705 uolatus
1495 2676 1680 2714 cantusque

138 2720 254 2752 auium
270 2721 463 2753 obseruasse
479 2726 595 2753 auctor
611 2725 662 2754 est
679 2723 791 2755 Cicero
808 2723 848 2755 de
865 2723 934 2756 diu.
957 2733 970 2756 1
991 2726 1010 2755 2
1029 2727 1064 2756 et
1083 2726 1132 2756 25.
1184 2725 1296 2756 minus
1321 2724 1432 2767 placet
1454 2725 1549 2756 dabis
1564 2724 1680 2763 Phryae

138 2782 251 2813 auyur
272 2777 302 2805 et
328 2774 412 2805 Inde
501 2778 562 2806 589
591 2784 718 2805 aurum
741 2775 893 2807 nondum
917 2776 1122 2818 explicatum
1211 2781 1273 2809 592
1296 2778 1363 2809 hae
1387 2775 1434 2816 Ψ,
1458 2777 1544 2808 haec
1567 2776 1678 2807 PSGO

137 2827 298 2866 sequente
311 2824 496 2857 Ribbeckio
585 2830 647 2858 603
658 2827 780 2859 delata
792 2828 819 2859 Ο
832 2827 957 2869 aliique
1038 2837 1144 2869 saepe
1155 2829 1184 2860 G
1194 2828 1328 2870 aliique,
1344 2837 1496 2868 sepeque
1506 2828 1547 2866 U,
1563 2836 1626 2859 aff*
1637 2827 1674 2864 P,

137 2877 248 2916 atque
264 2874 327 2917 Ψρ
415 2882 477 2910 606
500 2878 594 2909 omni
616 2878 678 2916 PF,
699 2887 819 2911 omnes
840 2878 887 2918 Ψ,
909 2880 1002 2911 ulnis
1023 2879 1245 2911 Marklandus
