1947 3145
243 104 264 142 1
274 103 299 142 3
308 102 332 142 8
836 93 1164 136 IVVENALIS

371 217 501 258 audet
525 220 568 257 et
592 214 759 256 infestis
783 225 973 266 pugnam
997 211 1228 251 instaurare
1253 209 1433 264 sagittis.

258 301 300 335 75
370 296 488 346 terga
512 291 635 344 fugae
660 287 785 329 celeri
808 289 1026 340 praestant
1050 284 1312 325 instantibus
1337 284 1486 325 Ombis

373 367 447 421 qui
471 365 612 406 uicina
636 363 784 403 colunt
810 361 1027 401 umbrosae
1052 360 1232 400 Tentura
1255 359 1431 413 palmae.

373 441 533 482 labitur
558 440 627 479 hic
652 437 827 491 quidam
851 436 984 475 nimia
1009 435 1234 475 formidine
1259 448 1428 475 cursum

373 514 657 570 praecipitans
681 512 943 565 capiturque.
1013 514 1080 550 ast
1105 509 1230 550 illum
1255 510 1301 549 in
1324 509 1509 563 plurima
1533 514 1699 550 sectum

371 591 508 631 frusta
531 592 574 628 et
597 586 839 641 particulas,
859 590 908 625 ut
932 584 1084 625 multis
1108 589 1303 625 mortuus
1327 597 1438 625 unus

260 677 299 708 80
369 665 588 711 sufficeret,
612 667 752 703 totum
776 661 951 701 corrosis
976 659 1139 700 ossibus
1163 659 1251 700 edit

371 739 527 780 uictrix
552 737 690 785 turba,
714 749 791 776 nec
815 735 982 775 ardenti
1007 734 1174 775 decoxit
1199 747 1302 774 aeno

370 819 447 854 aut
473 812 656 860 ueribus,
680 811 856 865 longum
880 823 1011 863 usque
1036 809 1138 849 adeo
1163 809 1420 862 tardumque
1443 809 1619 862 putauit

371 892 592 942 expectare
616 887 740 935 focos,
763 889 961 926 contenta
985 884 1186 925 cadauere
1210 884 1348 925 crudo.

370 964 440 1004 hic
464 962 645 1017 gaudere
669 961 787 1010 libet,
814 960 927 1014 quod
950 973 1036 1000 non
1061 959 1289 1000 uiolauerit
1313 959 1467 1014 ignem,

258 1051 297 1081 85
369 1053 496 1093 quem
521 1050 688 1078 summa
710 1036 815 1077 caeli
840 1039 1012 1088 raptum
1037 1034 1087 1074 de
1111 1039 1229 1088 parte
1254 1035 1533 1075 Prometheus

370 1113 548 1154 donauit
573 1111 721 1161 terris,
757 1109 968 1150 elemento
993 1108 1194 1163 gratulor,
1218 1114 1261 1149 et
1285 1117 1327 1149 te

369 1188 559 1229 exultare
584 1200 686 1227 reor.
756 1185 828 1226 sed
852 1185 926 1238 qui
950 1184 1137 1225 mordere
1161 1183 1341 1224 cadauer

370 1264 578 1305 sustinuit
602 1262 666 1302 1111
689 1275 895 1315 umquam
920 1260 997 1300 hac
1022 1273 1144 1300 carne
1170 1259 1376 1300 libentius
1399 1259 1512 1310 edit,

370 1353 482 1387 nam,
506 1338 660 1379 scelere
684 1338 730 1377 in
755 1340 878 1377 tanto
903 1349 956 1376 116
980 1349 1157 1389 quaeras
1182 1340 1225 1376 et
1248 1335 1417 1376 dubites
1442 1350 1496 1375 an

260 1426 300 1456 90
369 1415 511 1469 prima
535 1412 806 1466 uoluptatem
831 1411 933 1465 gula
958 1410 1149 1458 senserit,
1174 1410 1354 1450 ultimus
1378 1415 1479 1451 ante

371 1489 446 1543 qui
471 1488 604 1536 stetit,
628 1487 854 1540 absumpto
879 1486 965 1526 iam
989 1489 1081 1526 toto
1106 1498 1272 1539 corpore
1297 1484 1439 1526 ductis

369 1578 443 1619 per
467 1568 626 1604 terram
651 1562 798 1617 digitis
822 1561 985 1615 aliquid
1009 1560 1060 1601 de
1085 1560 1291 1614 sanguine
1315 1565 1468 1615 gustat.

373 1641 597 1688 Vascones,
621 1643 672 1679 ut
695 1638 810 1678 fama
834 1641 909 1685 est,
933 1636 1149 1677 alimentis
1174 1635 1333 1677 talibus
1357 1637 1423 1676 usi

371 1715 604 1770 produxere
629 1713 804 1754 animas.
874 1712 948 1752 sed
972 1725 1037 1752 res
1061 1711 1239 1760 diuersa,
1263 1711 1335 1752 sed
1359 1711 1450 1752 11116

262 1803 301 1833 95
372 1791 565 1832 fortunae
590 1789 757 1829 inuidia
780 1792 844 1828 est
868 1787 1160 1840 bellorumque
1184 1786 1353 1835 ultima,
1376 1800 1498 1828 casus

373 1866 568 1914 extremi,
592 1865 741 1919 longae
767 1863 855 1903 dira
880 1862 1110 1903 obsidionis
1133 1866 1304 1916 egestas.

305 1984 346 2012 ‘15
376 1981 481 2019 fugae
512 1980 606 2017 POT,
637 1979 724 2018 fuga
754 1976 791 2008 Ψ
888 1978 1076 2016 praestant
1107 1976 1326 2007 instantibus
1353 1977 1464 2008 ombis
1491 1977 1518 2008 Ο
1546 1975 1635 2007 sicut
1664 1976 1773 2007 conie-

239 2035 330 2064 cerat
367 2030 556 2069 Mercerius,
599 2039 632 2070 p.
667 2031 688 2061 i.
724 2029 855 2061 combis
890 2027 1066 2059 Palatinus
1104 2027 1141 2059 17
1146 2029 1196 2064 00,
1229 2036 1262 2067 p.
1297 2028 1318 2059 i.
1352 2029 1453 2059 orbes
1480 2029 1505 2059 L
1535 2027 1620 2059 Brit.
1654 2029 1769 2066 15600,

239 2093 273 2124 p.
298 2084 320 2115 i.
349 2092 468 2115 omnes
494 2084 525 2115 U
552 2082 685 2123 aliique,
712 2082 903 2121 praestant
929 2079 1029 2111 erasis
1057 2079 1174 2111 ceteris
1201 2078 1258 2110 sed
1286 2082 1325 2111 ut
1351 2080 1388 2110 in
1415 2080 1479 2111 fine
1503 2082 1663 2121 appareat
1690 2089 1708 2111 s
1734 2080 1770 2117 P,

240 2136 508 2176 praestantibus
531 2135 692 2166 omnibus
708 2134 848 2165 instans
867 2132 977 2171 (AGp)
995 2131 1050 2162 uel
1065 2132 1205 2163 instant
1224 2130 1342 2169 (ΡΤ)Ψ
1431 2136 1470 2163 76
1486 2133 1634 2163 tentuxa
1649 2141 1688 2162 ex
1705 2132 1732 2163 P

329 2191 368 2218 77
383 2187 440 2218 hie
456 2185 502 2225 Ψ,
523 2187 604 2218 hinc
620 2186 674 2217 ΡΟ
763 2189 803 2216 78
814 2186 852 2216 in
867 2194 930 2215 om.
948 2184 1006 2215 PA
1093 2187 1134 2215 85
1157 2184 1364 2223 promethea
1383 2184 1409 2215 P
1496 2187 1536 2215 88
1553 2184 1604 2215 nil
1620 2184 1773 2216 PAFOT.

239 2240 328 2271 nihil
352 2239 448 2276 GLU,
470 2236 548 2269 uide
570 2236 612 2268 ad
628 2245 668 2267 vl
693 2237 733 2268 58
822 2240 863 2267 90
886 2235 1005 2274 anteff
1023 2237 1143 2267 autem
1162 2234 1227 2266 ΡΨ
1248 2235 1383 2266 sublata
1405 2234 1566 2266 orationis
1590 2237 1770 2273 structura,

240 2300 317 2322 nam
344 2299 384 2320 ne
408 2292 482 2320 tum
510 2288 655 2330 quidem,
684 2288 712 2318 si
739 2290 855 2319 contra
883 2286 1055 2317 quenalis
1082 2286 1360 2318 consuetudinem
1388 2297 1426 2317 oze
1454 2296 1594 2327 quaeras
1618 2296 1677 2328 pro
1704 2287 1778 2317 mli

238 2351 393 2383 ‹Jucaerere
416 2341 567 2382 accipias,
588 2340 679 2371 ullus
697 2339 776 2371 huic
795 2339 886 2371 locus
903 2338 968 2370 erit
984 2338 1168 2379 particulae
1183 2349 1191 2376 ;
1215 2338 1279 2370 etsi
1296 2337 1386 2370 edito
1403 2338 1487 2370 thes.
1508 2338 1591 2379 ling.
1609 2338 1681 2370 Lat.
1704 2338 1770 2370 uol.

242 2402 270 2425 11
287 2393 418 2425 futuros
434 2402 576 2433 auguror
592 2392 650 2433 qui
667 2391 708 2422 ad
726 2390 838 2423 C.I.L.
857 2399 896 2421 VI
916 2391 1020 2422 13073
1038 2389 1244 2430 confugiant.
1295 2389 1358 2421 hoc
1379 2389 1485 2422 dicit:
1510 2400 1551 2421 ne
1568 2389 1654 2421 forte
1677 2391 1776 2431 putes

240 2455 318 2487 prae
341 2444 472 2476 sceleris
495 2442 731 2484 magnitudine
755 2443 813 2474 uix
835 2452 910 2473 eum
927 2442 1048 2483 ipsum,
1069 2441 1128 2483 qui
1144 2441 1271 2482 primus
1289 2441 1430 2472 cadauer
1445 2440 1636 2480 momordit,
1656 2440 1774 2482 uolup-

240 2499 347 2528 tatem
378 2495 528 2534 sensisse,
560 2505 631 2526 ecce
663 2494 720 2525 ille
753 2503 894 2536 quoque,
927 2493 985 2535 qui
1011 2496 1120 2531 antea,
1151 2493 1270 2524 ceteris
1297 2503 1429 2524 carnem
1460 2492 1710 2530 deuorantibus,
1739 2492 1774 2522 in

239 2551 389 2579 extrema
413 2546 512 2578 turba
535 2546 642 2584 stetit,
666 2547 743 2584 iam,
766 2549 944 2587 postquam
968 2547 1079 2575 totum
1102 2554 1222 2586 corpus
1245 2544 1464 2585 absumptum
1488 2546 1549 2583 est,
1569 2543 1694 2585 digitos
1717 2553 1776 2585 per

240 2599 383 2631 humum
408 2597 503 2630 ducit
526 2601 560 2629 et
583 2597 713 2639 aliquid
737 2596 777 2628 de
801 2597 964 2638 sanguine
991 2598 1110 2637 gustat
1196 2600 1236 2628 93
1263 2598 1305 2628 ut
1329 2597 1422 2635 GLT,
1449 2598 1492 2628 ut
1517 2597 1603 2628 haec
1627 2596 1660 2634 F,
1688 2596 1776 2627 haec

239 2652 337 2690 Pou,
366 2660 428 2682 om.
454 2651 485 2682 A
507 2653 547 2681 ut
577 2650 732 2681 Vascones
755 2648 1000 2690 paenultimam
1024 2646 1232 2689 produceret,
1260 2647 1376 2679 eodem
1403 2647 1542 2679 consilio
1563 2649 1619 2679 est
1639 2657 1702 2679 om.
1732 2648 1770 2678 T.

238 2701 366 2734 dicitur
386 2705 423 2733 ut
437 2703 542 2741 sama
557 2703 600 2731 est
618 2700 726 2739 (Lucr.
748 2709 792 2731 111
811 2701 882 2737 981,
901 2708 925 2730 v
942 2700 1014 2738 395,
1037 2700 1108 2738 412,
1131 2699 1229 2741 Verg.
1255 2700 1338 2730 Aen.
1360 2707 1399 2730 vx
1423 2701 1472 2738 14,
1496 2698 1595 2730 Ouid.
1614 2697 1683 2729 her.
1702 2706 1773 2729 xm

240 2754 290 2794 57,
312 2757 374 2786 art.
396 2762 408 2785 1
432 2754 504 2792 258,
526 2752 601 2784 fast.
624 2760 646 2782 v
669 2753 734 2790 84),
755 2752 836 2782 item
858 2755 895 2782 ut
909 2752 1022 2791 farma,
1042 2752 1088 2782 sic
1101 2752 1227 2791 fama:
1251 2751 1328 2782 haec
1341 2751 1446 2791 fama
1467 2754 1510 2782 est
1533 2753 1593 2781 aut
1615 2750 1776 2782 memoria

240 2805 338 2837 fallor
371 2808 431 2837 aut
465 2814 631 2846 nusquam
662 2803 728 2844 legi
827 2803 1006 2834 alimentis
1037 2801 1083 2841 Ψ,
1121 2803 1306 2834 elementis
1337 2803 1362 2834 P
1463 2803 1520 2834 usi
1557 2802 1656 2840 AGL,
1691 2802 1775 2834 olim

239 2858 392 2890 PFOTU.
442 2860 557 2888 utrum
575 2854 706 2886 facilius
724 2853 940 2896 praecedente
958 2864 1010 2885 -us
1025 2854 1213 2895 periturum
1230 2856 1412 2894 putamus?
